Hello\, world,Country,Item Type,Sales Channel,Order Priority,Order Date,Order ID,Ship Date,Units Sold,Unit Price,Unit Cost,Total Revenue
Middle East and North Africa,Libya,Cosmetics,Offline,M,10/18/2014,686800706,10/31/2014,8446,437.20,263.33,3692591.20
North America,Canada,Vegetables,Online,M,11/7/2011,185941302,12/8/2011,3018,154.06,90.93,464953.08
Middle East and North Africa,Libya,Baby Food,Offline,C,10/31/2016,246222341,12/9/2016,1517,255.28,159.42,387259.76
Asia,Japan,Cereal,Offline,C,4/10/2010,161442649,5/12/2010,3322,205.70,117.11,683335.40
Sub-Saharan Africa,Chad,Fruits,Offline,H,8/16/2011,645713555,8/31/2011,9845,9.33,6.92,91853.85
Europe,Armenia,Cereal,Online,H,11/24/2014,683458888,12/28/2014,9528,205.70,117.11,1959909.60
Sub-Saharan Africa,Eritrea,Cereal,Online,H,3/4/2015,679414975,4/17/2015,2844,205.70,117.11,585010.80
Europe,Montenegro,Clothes,Offline,M,5/17/2012,208630645,6/28/2012,7299,109.28,35.84,797634.72
Central America and the Caribbean,Jamaica,Vegetables,Online,H,1/29/2015,266467225,3/7/2015,2428,154.06,90.93,374057.68
Australia and Oceania,Fiji,Vegetables,Offline,H,12/24/2013,118598544,1/19/2014,4800,154.06,90.93,739488.00
Sub-Saharan Africa,Togo,Clothes,Online,M,12/29/2015,451010930,1/19/2016,3012,109.28,35.84,329151.36
Europe,Montenegro,Snacks,Offline,M,2/27/2010,220003211,3/18/2010,2694,152.58,97.44,411050.52
Europe,Greece,Household,Online,C,11/17/2016,702186715,12/22/2016,1508,668.27,502.54,1007751.16
Sub-Saharan Africa,Sudan,Cosmetics,Online,C,12/20/2015,544485270,1/5/2016,4146,437.20,263.33,1812631.20
Asia,Maldives,Fruits,Offline,L,1/8/2011,714135205,2/6/2011,7332,9.33,6.92,68407.56
Europe,Montenegro,Clothes,Offline,H,6/28/2010,448685348,7/22/2010,4820,109.28,35.84,526729.60
Europe,Estonia,Office Supplies,Online,H,4/25/2016,405997025,5/12/2016,2397,651.21,524.96,1560950.37
North America,Greenland,Beverages,Online,M,7/27/2012,414244067,8/7/2012,2880,47.45,31.79,136656.00
Sub-Saharan Africa,Cape Verde,Clothes,Online,C,9/8/2014,821912801,10/3/2014,1117,109.28,35.84,122065.76
Sub-Saharan Africa,Senegal,Household,Offline,L,8/27/2012,247802054,9/8/2012,8989,668.27,502.54,6007079.03
Australia and Oceania,Federated States of Micronesia,Snacks,Online,C,9/3/2012,531023156,10/15/2012,407,152.58,97.44,62100.06
Europe,Bulgaria,Clothes,Online,L,8/27/2010,880999934,9/16/2010,6313,109.28,35.84,689884.64
Middle East and North Africa,Algeria,Personal Care,Online,H,2/20/2011,127468717,3/9/2011,9681,81.73,56.67,791228.13
Asia,Mongolia,Clothes,Online,L,12/12/2015,770478332,1/24/2016,515,109.28,35.84,56279.20
Central America and the Caribbean,Grenada,Cereal,Online,H,10/28/2012,430390107,11/13/2012,852,205.70,117.11,175256.40
Central America and the Caribbean,Grenada,Beverages,Online,M,1/30/2017,397877871,3/20/2017,9759,47.45,31.79,463064.55
Sub-Saharan Africa,Senegal,Beverages,Offline,M,10/22/2014,683927953,11/4/2014,8334,47.45,31.79,395448.30
North America,Greenland,Fruits,Offline,M,1/31/2012,469839179,2/22/2012,4709,9.33,6.92,43934.97
Sub-Saharan Africa,Chad,Meat,Offline,H,1/20/2016,357222878,3/9/2016,9043,421.89,364.69,3815151.27
Sub-Saharan Africa,Mauritius ,Personal Care,Online,C,1/1/2016,118002879,1/7/2016,8529,81.73,56.67,697075.17
Middle East and North Africa,Morocco,Beverages,Offline,C,6/1/2017,944415509,6/23/2017,2391,47.45,31.79,113452.95
Central America and the Caribbean,Honduras,Office Supplies,Online,H,6/30/2015,499009597,7/9/2015,6884,651.21,524.96,4482929.64
Sub-Saharan Africa,Benin,Fruits,Online,L,1/28/2014,564646470,3/16/2014,293,9.33,6.92,2733.69
Europe,Greece,Baby Food,Offline,M,4/8/2014,294499957,4/8/2014,7937,255.28,159.42,2026157.36
Central America and the Caribbean,Jamaica,Beverages,Offline,L,9/4/2010,262056386,10/24/2010,7163,47.45,31.79,339884.35
Sub-Saharan Africa,Equatorial Guinea,Office Supplies,Online,M,5/2/2010,211114585,5/14/2010,2352,651.21,524.96,1531645.92
Sub-Saharan Africa,Swaziland,Office Supplies,Offline,H,10/3/2013,405785882,10/22/2013,9915,651.21,524.96,6456747.15
Central America and the Caribbean,Trinidad and Tobago,Vegetables,Offline,M,3/6/2011,280494105,4/14/2011,3294,154.06,90.93,507473.64
Europe,Sweden,Baby Food,Online,L,8/7/2016,689975583,8/12/2016,7963,255.28,159.42,2032794.64
Europe,Belarus,Office Supplies,Online,L,1/11/2011,759279143,2/18/2011,6426,651.21,524.96,4184675.46
Sub-Saharan Africa,Guinea-Bissau,Office Supplies,Offline,C,5/21/2014,133766114,6/12/2014,3221,651.21,524.96,2097547.41
Asia,Mongolia,Beverages,Online,M,8/3/2013,329110324,9/2/2013,9913,47.45,31.79,470371.85
Middle East and North Africa,Turkey,Meat,Online,L,10/5/2011,681298100,11/20/2011,103,421.89,364.69,43454.67
Sub-Saharan Africa,Central African Republic,Snacks,Offline,L,11/15/2016,596628272,12/30/2016,4419,152.58,97.44,674251.02
Sub-Saharan Africa,Equatorial Guinea,Office Supplies,Offline,L,4/3/2015,901712167,4/17/2015,5523,651.21,524.96,3596632.83
Asia,Laos,Beverages,Online,M,3/22/2013,693473613,4/21/2013,3107,47.45,31.79,147427.15
Europe,Armenia,Meat,Online,C,8/2/2010,489148938,9/1/2010,8896,421.89,364.69,3753133.44
Europe,Greece,Household,Online,L,1/5/2012,876286971,2/15/2012,1643,668.27,502.54,1097967.61
Middle East and North Africa,Israel,Personal Care,Offline,H,8/26/2015,262749040,8/30/2015,2135,81.73,56.67,174493.55
Asia,Bhutan,Meat,Online,H,12/9/2016,726708972,1/26/2017,8189,421.89,364.69,3454857.21
Australia and Oceania,Vanuatu,Vegetables,Online,L,5/17/2012,366653096,5/31/2012,9654,154.06,90.93,1487295.24
Sub-Saharan Africa,Burundi,Vegetables,Online,M,11/17/2010,951380240,12/20/2010,3410,154.06,90.93,525344.60
Europe,Ukraine,Cosmetics,Online,M,11/13/2014,270001733,1/1/2015,8368,437.20,263.33,3658489.60
Europe,Croatia,Beverages,Online,C,6/16/2016,681941401,7/28/2016,470,47.45,31.79,22301.50
Sub-Saharan Africa,Madagascar,Fruits,Online,L,5/31/2016,566935575,6/7/2016,7690,9.33,6.92,71747.70
Asia,Malaysia,Snacks,Offline,M,10/6/2012,175033080,11/5/2012,5033,152.58,97.44,767935.14
Asia,Uzbekistan,Office Supplies,Offline,L,3/10/2012,276595246,3/15/2012,9535,651.21,524.96,6209287.35
Europe,Italy,Office Supplies,Online,M,1/26/2011,812295901,2/13/2011,5263,651.21,524.96,3427318.23
Asia,Nepal,Vegetables,Offline,C,6/2/2014,443121373,6/19/2014,8316,154.06,90.93,1281162.96
Australia and Oceania,Fiji,Personal Care,Offline,H,12/17/2016,600370490,1/25/2017,1824,81.73,56.67,149075.52
Europe,Portugal,Office Supplies,Online,L,6/27/2014,535654580,7/29/2014,949,651.21,524.96,617998.29
Central America and the Caribbean,Panama,Cosmetics,Offline,H,3/17/2015,470897471,4/22/2015,7881,437.20,263.33,3445573.20
Europe,Belarus,Beverages,Offline,L,4/3/2013,248335492,4/4/2013,6846,47.45,31.79,324842.70
Sub-Saharan Africa,Botswana,Clothes,Offline,C,3/8/2015,680517470,3/25/2015,9097,109.28,35.84,994120.16
Sub-Saharan Africa,Tanzania,Personal Care,Online,M,6/21/2013,400304734,7/29/2013,7921,81.73,56.67,647383.33
Europe,Romania,Office Supplies,Offline,C,1/6/2013,810871112,1/8/2013,3636,651.21,524.96,2367799.56
Sub-Saharan Africa,Mali,Cereal,Online,L,3/17/2012,235702931,4/3/2012,8590,205.70,117.11,1766963.00
Sub-Saharan Africa,Central African Republic,Office Supplies,Offline,C,4/18/2014,668599021,5/12/2014,2163,651.21,524.96,1408567.23
Sub-Saharan Africa,Niger,Baby Food,Online,M,1/3/2016,123670709,2/1/2016,5766,255.28,159.42,1471944.48
Europe,Austria,Office Supplies,Online,L,5/12/2011,285341823,6/8/2011,7841,651.21,524.96,5106137.61
Asia,India,Fruits,Online,H,7/29/2010,658348691,8/22/2010,8862,9.33,6.92,82682.46
Europe,Luxembourg,Baby Food,Offline,L,8/2/2013,817740142,8/19/2013,6335,255.28,159.42,1617198.80
Sub-Saharan Africa,Cape Verde,Beverages,Offline,H,10/23/2013,858877503,11/6/2013,9794,47.45,31.79,464725.30
Europe,Sweden,Vegetables,Offline,M,2/5/2017,947434604,2/19/2017,5808,154.06,90.93,894780.48
Europe,Iceland,Meat,Offline,H,3/20/2015,869397771,4/17/2015,2975,421.89,364.69,1255122.75
Middle East and North Africa,Qatar,Personal Care,Offline,L,5/6/2012,481065833,5/8/2012,6925,81.73,56.67,565980.25
Sub-Saharan Africa,South Sudan,Meat,Online,C,9/30/2013,159050118,10/1/2013,5319,421.89,364.69,2244032.91
Europe,United Kingdom,Office Supplies,Online,M,5/20/2014,350274455,6/14/2014,2850,651.21,524.96,1855948.50
Middle East and North Africa,Tunisia ,Cereal,Online,L,4/9/2010,221975171,5/17/2010,6241,205.70,117.11,1283773.70
North America,United States of America,Office Supplies,Online,C,6/9/2017,811701095,7/19/2017,9247,651.21,524.96,6021738.87
Sub-Saharan Africa,Liberia,Cereal,Online,L,2/8/2015,977313554,3/29/2015,7653,205.70,117.11,1574222.10
Sub-Saharan Africa,Eritrea,Snacks,Offline,L,1/25/2010,546986377,2/10/2010,4279,152.58,97.44,652889.82
Asia,South Korea,Fruits,Offline,L,3/7/2010,769205892,3/17/2010,3972,9.33,6.92,37058.76
Sub-Saharan Africa,Kenya,Clothes,Offline,M,1/3/2013,262770926,2/8/2013,8611,109.28,35.84,941010.08
Sub-Saharan Africa,Rwanda,Snacks,Online,M,3/6/2017,866792809,3/18/2017,2109,152.58,97.44,321791.22
Central America and the Caribbean,Cuba,Beverages,Offline,C,1/9/2011,890695369,2/23/2011,5408,47.45,31.79,256609.60
Middle East and North Africa,Libya,Cereal,Offline,M,3/27/2014,964214932,3/31/2014,1480,205.70,117.11,304436.00
Europe,Czech Republic,Snacks,Online,C,6/28/2013,887400329,8/17/2013,332,152.58,97.44,50656.56
Europe,Montenegro,Beverages,Offline,M,9/4/2011,980612885,9/4/2011,3999,47.45,31.79,189752.55
Europe,Montenegro,Clothes,Offline,M,7/14/2016,734526431,8/2/2016,1549,109.28,35.84,169274.72
Asia,Philippines,Baby Food,Online,L,2/23/2014,160127294,3/23/2014,4079,255.28,159.42,1041287.12
Central America and the Caribbean,El Salvador,Clothes,Offline,L,8/7/2010,238714301,9/13/2010,9721,109.28,35.84,1062310.88
Australia and Oceania,Tonga,Household,Online,M,1/14/2013,671898782,2/6/2013,8635,668.27,502.54,5770511.45
Sub-Saharan Africa,Democratic Republic of the Congo,Personal Care,Offline,H,9/30/2010,331604564,11/17/2010,8014,81.73,56.67,654984.22
Middle East and North Africa,Afghanistan,Cereal,Online,M,10/13/2016,410067975,11/20/2016,7081,205.70,117.11,1456561.70
Australia and Oceania,Tuvalu,Snacks,Offline,L,3/16/2011,369837844,3/23/2011,2091,152.58,97.44,319044.78
Sub-Saharan Africa,Sudan,Fruits,Online,L,12/26/2012,193775498,1/31/2013,1331,9.33,6.92,12418.23
Sub-Saharan Africa,Niger,Clothes,Online,M,9/2/2015,835054767,10/9/2015,117,109.28,35.84,12785.76
Sub-Saharan Africa,Gabon,Household,Offline,C,11/11/2013,167161977,12/24/2013,5798,668.27,502.54,3874629.46
Australia and Oceania,East Timor,Vegetables,Offline,C,8/4/2014,633895957,8/22/2014,2755,154.06,90.93,424435.30
North America,United States of America,Clothes,Offline,C,10/21/2010,699368035,12/7/2010,7398,109.28,35.84,808453.44
Middle East and North Africa,Jordan,Vegetables,Offline,L,6/13/2015,698002040,7/29/2015,3170,154.06,90.93,488370.20
Europe,Cyprus,Snacks,Offline,H,3/29/2012,584534299,5/18/2012,5544,152.58,97.44,845903.52
Sub-Saharan Africa,Malawi,Vegetables,Online,L,6/22/2012,384013640,7/19/2012,7025,154.06,90.93,1082271.50
Europe,Iceland,Personal Care,Online,M,5/10/2013,641801393,5/24/2013,2149,81.73,56.67,175637.77
Middle East and North Africa,Israel,Personal Care,Online,M,12/10/2016,173571383,1/11/2017,2484,81.73,56.67,203017.32
Middle East and North Africa,United Arab Emirates,Snacks,Offline,H,3/20/2011,115309941,4/6/2011,1629,152.58,97.44,248552.82
Asia,China,Cosmetics,Offline,L,9/22/2011,773315894,11/4/2011,213,437.20,263.33,93123.60
Sub-Saharan Africa,Kenya,Beverages,Online,M,5/11/2012,274200570,6/26/2012,897,47.45,31.79,42562.65
Middle East and North Africa,Somalia,Clothes,Offline,M,11/15/2011,414887797,11/17/2011,3374,109.28,35.84,368710.72
Australia and Oceania,Tonga,Beverages,Offline,L,1/27/2010,812613904,1/29/2010,9367,47.45,31.79,444464.15
Asia,Bangladesh,Baby Food,Online,H,8/17/2011,254927718,9/7/2011,7632,255.28,159.42,1948296.96
Middle East and North Africa,Egypt,Beverages,Offline,M,9/6/2014,749690568,10/26/2014,8954,47.45,31.79,424867.30
Sub-Saharan Africa,Eritrea,Cereal,Offline,C,9/3/2014,775076282,9/19/2014,1150,205.70,117.11,236555.00
Sub-Saharan Africa,Swaziland,Office Supplies,Online,H,9/5/2015,229571187,9/18/2015,4071,651.21,524.96,2651075.91
Asia,Vietnam,Baby Food,Online,C,6/20/2011,881974112,7/11/2011,4594,255.28,159.42,1172756.32
Australia and Oceania,Marshall Islands,Snacks,Online,L,1/12/2012,521396386,2/14/2012,1632,152.58,97.44,249010.56
Asia,Taiwan,Household,Online,C,1/23/2017,607261836,2/22/2017,1127,668.27,502.54,753140.29
Europe,Ireland,Vegetables,Online,M,3/4/2012,419306790,3/12/2012,1052,154.06,90.93,162071.12
Sub-Saharan Africa,Rwanda,Meat,Offline,H,7/18/2010,207580077,7/18/2010,6413,421.89,364.69,2705580.57
Europe,Sweden,Snacks,Online,M,4/12/2011,742443025,4/15/2011,4245,152.58,97.44,647702.10
Sub-Saharan Africa,Gabon,Snacks,Offline,M,10/3/2010,164569461,10/5/2010,8615,152.58,97.44,1314476.70
Sub-Saharan Africa,South Africa,Baby Food,Online,L,12/29/2013,734945714,2/12/2014,5624,255.28,159.42,1435694.72
Europe,United Kingdom,Clothes,Offline,C,9/19/2015,284870612,10/7/2015,8399,109.28,35.84,917842.72
Europe,Albania,Fruits,Offline,M,9/17/2011,765955483,10/7/2011,2104,9.33,6.92,19630.32
Asia,Malaysia,Snacks,Offline,H,3/11/2010,600124156,4/21/2010,8929,152.58,97.44,1362386.82
Sub-Saharan Africa,Ghana,Household,Offline,L,11/10/2012,529612958,12/11/2012,3098,668.27,502.54,2070300.46
Central America and the Caribbean,Cuba,Clothes,Offline,H,2/16/2011,466970717,3/18/2011,5867,109.28,35.84,641145.76
Central America and the Caribbean,Saint Lucia,Cosmetics,Online,C,8/13/2012,845058763,9/22/2012,522,437.20,263.33,228218.40
Europe,Romania,Snacks,Offline,L,8/28/2014,367050921,8/31/2014,7379,152.58,97.44,1125887.82
Europe,Portugal,Office Supplies,Online,L,8/19/2015,956433522,9/12/2015,8788,651.21,524.96,5722833.48
Europe,Macedonia,Beverages,Online,C,3/20/2011,107005393,5/4/2011,4129,47.45,31.79,195921.05
Asia,China,Beverages,Offline,C,4/16/2013,332877862,5/7/2013,4811,47.45,31.79,228281.95
Europe,Germany,Baby Food,Online,L,11/13/2015,618474757,12/31/2015,9279,255.28,159.42,2368743.12
Europe,Ireland,Household,Online,M,1/10/2014,468532407,2/11/2014,8006,668.27,502.54,5350169.62
Europe,Poland,Office Supplies,Offline,M,4/9/2015,358099639,4/29/2015,8496,651.21,524.96,5532680.16
Sub-Saharan Africa,Namibia,Household,Online,H,1/7/2013,382537782,1/27/2013,285,668.27,502.54,190456.95
Asia,Uzbekistan,Personal Care,Offline,H,2/12/2013,707520663,3/15/2013,9942,81.73,56.67,812559.66
Sub-Saharan Africa,Zimbabwe,Meat,Online,M,11/28/2014,219034612,12/10/2014,6064,421.89,364.69,2558340.96
Asia,Mongolia,Meat,Offline,M,1/3/2015,573378455,1/17/2015,4281,421.89,364.69,1806111.09
Europe,Norway,Personal Care,Online,H,2/3/2011,347163522,3/22/2011,2256,81.73,56.67,184382.88
Middle East and North Africa,Oman,Snacks,Offline,M,4/9/2013,887313640,4/21/2013,4679,152.58,97.44,713921.82
Europe,Serbia,Cosmetics,Online,H,7/26/2017,461065137,8/19/2017,8275,437.20,263.33,3617830.00
Sub-Saharan Africa,Democratic Republic of the Congo,Fruits,Offline,H,4/15/2017,105966842,5/19/2017,6798,9.33,6.92,63425.34
Europe,Bulgaria,Baby Food,Online,M,5/16/2014,479880082,5/23/2014,6035,255.28,159.42,1540614.80
Asia,Brunei,Baby Food,Online,H,8/12/2015,510978686,9/30/2015,8803,255.28,159.42,2247229.84
Europe,Serbia,Snacks,Offline,C,9/20/2013,547748982,10/14/2013,9951,152.58,97.44,1518323.58
Sub-Saharan Africa,Ghana,Cereal,Offline,M,10/31/2013,108989799,12/9/2013,1358,205.70,117.11,279340.60
Sub-Saharan Africa,Malawi,Cereal,Offline,M,7/30/2014,133812463,8/9/2014,6936,205.70,117.11,1426735.20
Sub-Saharan Africa,Zimbabwe,Fruits,Offline,L,11/12/2011,731640803,12/30/2011,7627,9.33,6.92,71159.91
Europe,Cyprus,Snacks,Offline,C,3/25/2010,732211148,4/14/2010,6405,152.58,97.44,977274.90
Central America and the Caribbean,Nicaragua,Cereal,Online,M,7/4/2011,835572326,8/8/2011,3274,205.70,117.11,673461.80
Europe,Estonia,Baby Food,Offline,C,1/1/2011,462085664,1/15/2011,271,255.28,159.42,69180.88
Europe,Estonia,Clothes,Online,C,6/16/2016,902424991,7/4/2016,6463,109.28,35.84,706276.64
Europe,Lithuania,Fruits,Offline,H,12/17/2013,367576634,1/5/2014,2949,9.33,6.92,27514.17
Sub-Saharan Africa,Republic of the Congo,Meat,Offline,H,3/1/2017,738839423,3/31/2017,7859,421.89,364.69,3315633.51
Europe,Czech Republic,Baby Food,Online,C,7/2/2010,817824685,7/27/2010,1353,255.28,159.42,345393.84
Sub-Saharan Africa,Cameroon,Snacks,Online,C,7/16/2013,376456248,8/1/2013,624,152.58,97.44,95209.92
Asia,Vietnam,Office Supplies,Online,H,8/16/2016,606970441,9/16/2016,4897,651.21,524.96,3188975.37
Europe,Moldova ,Meat,Offline,L,12/16/2014,971916091,1/19/2015,424,421.89,364.69,178881.36
Middle East and North Africa,Bahrain,Office Supplies,Offline,L,5/14/2012,554154527,5/15/2012,5494,651.21,524.96,3577747.74
Europe,Hungary,Household,Online,L,7/18/2017,306859576,7/19/2017,5423,668.27,502.54,3624028.21
Australia and Oceania,Marshall Islands,Personal Care,Offline,L,7/9/2017,803517568,7/21/2017,7559,81.73,56.67,617797.07
Middle East and North Africa,Iraq,Office Supplies,Online,C,9/30/2011,887927329,10/2/2011,6283,651.21,524.96,4091552.43
Europe,Albania,Vegetables,Online,H,11/24/2015,824200189,11/26/2015,8006,154.06,90.93,1233404.36
Sub-Saharan Africa,Lesotho,Office Supplies,Online,H,8/14/2012,946759974,9/14/2012,6170,651.21,524.96,4017965.70
Middle East and North Africa,Lebanon,Clothes,Offline,H,12/6/2015,310343015,12/28/2015,6249,109.28,35.84,682890.72
Europe,Hungary,Vegetables,Online,C,5/25/2014,739998137,7/9/2014,748,154.06,90.93,115236.88
Asia,Japan,Beverages,Online,H,10/18/2012,981086671,11/21/2012,4203,47.45,31.79,199432.35
Europe,Georgia,Office Supplies,Offline,L,3/13/2013,749282443,3/25/2013,8180,651.21,524.96,5326897.80
Europe,Estonia,Office Supplies,Online,C,2/23/2011,280571782,3/11/2011,6280,651.21,524.96,4089598.80
Europe,Luxembourg,Household,Online,C,8/15/2014,781253516,9/1/2014,9131,668.27,502.54,6101973.37
Sub-Saharan Africa,Swaziland,Personal Care,Online,H,7/6/2017,377938973,7/11/2017,9396,81.73,56.67,767935.08
Europe,Romania,Clothes,Offline,C,12/31/2010,867551982,1/3/2011,6765,109.28,35.84,739279.20
Sub-Saharan Africa,Ethiopia,Personal Care,Offline,C,1/13/2010,967328870,1/15/2010,2964,81.73,56.67,242247.72
Sub-Saharan Africa,Chad,Office Supplies,Offline,C,9/17/2011,364818465,10/16/2011,6746,651.21,524.96,4393062.66
Middle East and North Africa,Morocco,Office Supplies,Online,C,3/8/2014,167882096,3/31/2014,8898,651.21,524.96,5794466.58
North America,Mexico,Clothes,Online,H,11/18/2012,654693591,12/1/2012,7237,109.28,35.84,790859.36
Sub-Saharan Africa,Nigeria,Personal Care,Offline,H,11/18/2011,823739278,12/29/2011,1612,81.73,56.67,131748.76
Central America and the Caribbean,Trinidad and Tobago,Beverages,Offline,L,7/12/2012,643817985,8/19/2012,8904,47.45,31.79,422494.80
Europe,Moldova ,Personal Care,Offline,H,3/30/2017,604041039,5/15/2017,8022,81.73,56.67,655638.06
Australia and Oceania,Solomon Islands,Personal Care,Online,H,7/26/2010,363832271,9/12/2010,4909,81.73,56.67,401212.57
Asia,India,Personal Care,Online,L,12/24/2015,102928006,1/31/2016,7539,81.73,56.67,616162.47
Sub-Saharan Africa,Burkina Faso,Office Supplies,Offline,M,5/15/2016,971377074,5/15/2016,917,651.21,524.96,597159.57
Australia and Oceania,Kiribati,Meat,Online,L,11/3/2010,139540803,12/4/2010,2079,421.89,364.69,877109.31
Middle East and North Africa,Israel,Meat,Offline,M,12/1/2010,248093020,12/16/2010,5093,421.89,364.69,2148685.77
Sub-Saharan Africa,Comoros,Snacks,Offline,L,1/16/2014,858020055,1/17/2014,6056,152.58,97.44,924024.48
Middle East and North Africa,Iran,Baby Food,Offline,H,12/11/2014,700620734,1/5/2015,8099,255.28,159.42,2067512.72
Asia,Vietnam,Cosmetics,Offline,L,12/24/2016,827506387,1/30/2017,6384,437.20,263.33,2791084.80
Central America and the Caribbean,Belize,Household,Online,M,3/21/2013,560600841,4/14/2013,3101,668.27,502.54,2072305.27
Europe,Belarus,Personal Care,Offline,H,12/8/2012,642140424,1/16/2013,2476,81.73,56.67,202363.48
North America,United States of America,Baby Food,Offline,C,2/13/2015,984673964,3/5/2015,5763,255.28,159.42,1471178.64
Europe,Poland,Beverages,Online,L,3/28/2012,221062791,4/18/2012,6247,47.45,31.79,296420.15
North America,Canada,Vegetables,Offline,L,10/7/2016,654480731,11/8/2016,4247,154.06,90.93,654292.82
Middle East and North Africa,Israel,Beverages,Offline,C,12/15/2011,608414113,12/23/2011,2111,47.45,31.79,100166.95
Middle East and North Africa,Lebanon,Household,Online,L,3/8/2016,276661765,4/20/2016,9219,668.27,502.54,6160781.13
Europe,Andorra,Baby Food,Online,L,1/18/2011,373335015,2/28/2011,6982,255.28,159.42,1782364.96
Europe,Slovakia,Clothes,Online,L,4/11/2013,782857692,5/28/2013,3843,109.28,35.84,419963.04
Sub-Saharan Africa,Liberia,Fruits,Online,H,5/18/2010,109966123,6/5/2010,274,9.33,6.92,2556.42
Central America and the Caribbean,Antigua and Barbuda ,Cereal,Offline,M,6/5/2017,629709136,6/6/2017,3782,205.70,117.11,777957.40
Asia,China,Personal Care,Online,L,9/11/2012,637448060,9/15/2012,3901,81.73,56.67,318828.73
Sub-Saharan Africa,Niger,Baby Food,Online,H,3/8/2017,298856723,4/3/2017,7200,255.28,159.42,1838016.00
Europe,United Kingdom,Household,Offline,L,1/28/2015,299921452,2/23/2015,2278,668.27,502.54,1522319.06
Asia,Bangladesh,Personal Care,Offline,M,7/26/2010,496941077,7/29/2010,4763,81.73,56.67,389279.99
Asia,Myanmar,Snacks,Online,L,6/24/2016,366526925,7/14/2016,2317,152.58,97.44,353527.86
Australia and Oceania,Tonga,Meat,Offline,M,8/18/2012,355602824,9/15/2012,9633,421.89,364.69,4064066.37
Sub-Saharan Africa,Guinea-Bissau,Vegetables,Online,C,3/11/2010,531405103,4/19/2010,3434,154.06,90.93,529042.04
Australia and Oceania,Nauru,Vegetables,Offline,M,1/14/2010,131482589,1/20/2010,7475,154.06,90.93,1151598.50
Sub-Saharan Africa,Swaziland,Cereal,Online,L,2/10/2014,713696610,3/28/2014,7542,205.70,117.11,1551389.40
Europe,Finland,Vegetables,Online,C,1/21/2014,306220996,1/30/2014,6452,154.06,90.93,993995.12
Australia and Oceania,Papua New Guinea,Household,Offline,L,2/28/2010,157542073,3/15/2010,9055,668.27,502.54,6051184.85
Sub-Saharan Africa,Mauritius ,Personal Care,Online,L,2/18/2015,686458671,3/8/2015,7230,81.73,56.67,590907.90
Sub-Saharan Africa,Mozambique,Office Supplies,Online,M,6/14/2012,132082116,7/22/2012,4888,651.21,524.96,3183114.48
Europe,Bulgaria,Clothes,Online,L,3/5/2013,403836238,4/3/2013,2972,109.28,35.84,324780.16
Europe,Spain,Household,Online,C,4/10/2014,331457364,4/23/2014,4455,668.27,502.54,2977142.85
Australia and Oceania,Vanuatu,Meat,Online,H,7/26/2017,614994323,9/12/2017,9341,421.89,364.69,3940874.49
Europe,Belgium,Fruits,Offline,L,10/19/2010,674808442,10/24/2010,9669,9.33,6.92,90211.77
Europe,Belgium,Baby Food,Offline,L,11/8/2016,901573550,12/23/2016,4503,255.28,159.42,1149525.84
Sub-Saharan Africa,Guinea-Bissau,Clothes,Online,L,3/31/2014,406275975,5/10/2014,4944,109.28,35.84,540280.32
Sub-Saharan Africa,Togo,Vegetables,Online,C,8/18/2016,170214545,8/19/2016,9121,154.06,90.93,1405181.26
Sub-Saharan Africa,Cote d'Ivoire,Personal Care,Offline,C,1/3/2016,795000588,1/8/2016,7196,81.73,56.67,588129.08
Sub-Saharan Africa,Republic of the Congo,Fruits,Offline,C,10/21/2016,252557933,11/4/2016,6360,9.33,6.92,59338.80
Middle East and North Africa,Libya,Baby Food,Offline,M,12/10/2016,635122907,12/13/2016,5837,255.28,159.42,1490069.36
Australia and Oceania,East Timor,Vegetables,Online,C,8/12/2011,505244338,9/19/2011,1882,154.06,90.93,289940.92
Europe,Switzerland,Clothes,Offline,H,3/23/2012,745783555,5/9/2012,2782,109.28,35.84,304016.96
Australia and Oceania,Palau,Snacks,Offline,M,4/27/2012,509914386,6/11/2012,3853,152.58,97.44,587890.74
Middle East and North Africa,Jordan,Household,Online,M,1/29/2014,371123158,2/9/2014,2445,668.27,502.54,1633920.15
Europe,Slovenia,Household,Online,H,12/13/2016,973208701,12/28/2016,2936,668.27,502.54,1962040.72
Asia,South Korea,Baby Food,Online,L,11/21/2013,780282342,12/27/2013,1739,255.28,159.42,443931.92
Europe,Norway,Clothes,Online,H,4/7/2010,126767909,5/22/2010,2296,109.28,35.84,250906.88
Middle East and North Africa,Afghanistan,Baby Food,Online,M,7/8/2012,767401731,7/30/2012,80,255.28,159.42,20422.40
Asia,Bangladesh,Personal Care,Online,L,10/15/2016,927232635,11/24/2016,7597,81.73,56.67,620902.81
Sub-Saharan Africa,Guinea,Meat,Offline,M,9/18/2012,251621949,10/20/2012,9381,421.89,364.69,3957750.09
Central America and the Caribbean,Cuba,Office Supplies,Offline,H,7/2/2017,256243503,7/23/2017,7002,651.21,524.96,4559772.42
Europe,Russia,Cosmetics,Offline,C,7/21/2011,277083623,9/2/2011,4056,437.20,263.33,1773283.20
Sub-Saharan Africa,Seychelles ,Vegetables,Offline,L,6/1/2010,620441138,6/22/2010,1175,154.06,90.93,181020.50
Asia,South Korea,Office Supplies,Offline,M,7/26/2015,312927377,9/7/2015,1020,651.21,524.96,664234.20
Sub-Saharan Africa,Ghana,Baby Food,Offline,L,8/6/2010,251466166,9/8/2010,3282,255.28,159.42,837828.96
Central America and the Caribbean,Costa Rica,Office Supplies,Online,H,6/20/2010,953293836,7/22/2010,9685,651.21,524.96,6306968.85
Europe,Romania,Cereal,Online,C,4/8/2012,305959212,4/23/2012,8985,205.70,117.11,1848214.50
Europe,Czech Republic,Cereal,Online,L,2/27/2014,317323625,3/24/2014,1967,205.70,117.11,404611.90
Europe,Liechtenstein,Household,Offline,L,7/25/2011,365560901,9/1/2011,6449,668.27,502.54,4309673.23
Sub-Saharan Africa,Seychelles ,Baby Food,Online,M,2/18/2016,349157369,4/5/2016,2279,255.28,159.42,581783.12
Middle East and North Africa,Somalia,Baby Food,Online,L,1/24/2014,236911857,2/25/2014,6338,255.28,159.42,1617964.64
Australia and Oceania,Solomon Islands,Personal Care,Offline,H,5/10/2015,517935693,6/16/2015,7536,81.73,56.67,615917.28
Sub-Saharan Africa,Uganda,Clothes,Offline,C,2/13/2012,851652705,3/27/2012,1816,109.28,35.84,198452.48
Sub-Saharan Africa,Equatorial Guinea,Cereal,Offline,M,9/7/2012,517799222,10/23/2012,7151,205.70,117.11,1470960.70
Central America and the Caribbean,Costa Rica,Office Supplies,Offline,C,2/4/2015,666424071,3/4/2015,8547,651.21,524.96,5565891.87
Europe,Moldova ,Fruits,Offline,C,11/16/2010,267888581,12/22/2010,3039,9.33,6.92,28353.87
Sub-Saharan Africa,Burkina Faso,Vegetables,Online,L,7/20/2011,162866580,7/26/2011,4695,154.06,90.93,723311.70
Central America and the Caribbean,Guatemala,Beverages,Offline,H,7/26/2014,812344396,8/30/2014,9614,47.45,31.79,456184.30
Sub-Saharan Africa,Swaziland,Meat,Online,M,8/24/2014,947620856,9/3/2014,924,421.89,364.69,389826.36
Asia,Maldives,Vegetables,Online,H,2/25/2015,720307290,3/28/2015,3789,154.06,90.93,583733.34
Asia,Thailand,Household,Online,H,9/21/2016,352327525,10/27/2016,399,668.27,502.54,266639.73
Sub-Saharan Africa,Sudan,Household,Online,C,6/28/2013,585917890,7/23/2013,4979,668.27,502.54,3327316.33
Central America and the Caribbean,Costa Rica,Meat,Offline,L,1/5/2012,433627212,2/13/2012,8783,421.89,364.69,3705459.87
Europe,Denmark,Beverages,Online,C,5/1/2012,328316819,5/30/2012,5098,47.45,31.79,241900.10
Sub-Saharan Africa,Angola,Cereal,Offline,C,10/13/2011,773160541,11/21/2011,4240,205.70,117.11,872168.00
Australia and Oceania,Papua New Guinea,Household,Online,M,4/27/2016,991644704,5/18/2016,8559,668.27,502.54,5719722.93
Asia,North Korea,Meat,Online,M,1/19/2014,277568137,2/7/2014,7435,421.89,364.69,3136752.15
Central America and the Caribbean,El Salvador,Fruits,Online,C,11/6/2016,245042169,12/15/2016,2278,9.33,6.92,21253.74
Sub-Saharan Africa,Burkina Faso,Household,Online,M,2/28/2011,778490626,3/24/2011,1531,668.27,502.54,1023121.37
Middle East and North Africa,Yemen,Baby Food,Online,C,10/11/2014,482649838,11/13/2014,5668,255.28,159.42,1446927.04
Sub-Saharan Africa,Republic of the Congo,Beverages,Online,L,6/25/2012,732568633,7/5/2012,2193,47.45,31.79,104057.85
Europe,Andorra,Household,Online,M,11/6/2012,723608338,11/23/2012,642,668.27,502.54,429029.34
Central America and the Caribbean,Dominican Republic,Household,Offline,H,2/24/2014,621442782,4/14/2014,7584,668.27,502.54,5068159.68
Middle East and North Africa,Israel,Baby Food,Offline,M,9/19/2015,212058293,10/6/2015,1616,255.28,159.42,412532.48
Australia and Oceania,Solomon Islands,Snacks,Offline,L,3/4/2014,251753699,3/24/2014,8369,152.58,97.44,1276942.02
Sub-Saharan Africa,Liberia,Fruits,Online,M,10/8/2014,217140328,10/30/2014,5503,9.33,6.92,51342.99
Sub-Saharan Africa,Mali,Vegetables,Online,C,6/19/2012,555142009,7/10/2012,7712,154.06,90.93,1188110.72
Asia,Uzbekistan,Clothes,Online,C,11/11/2010,432995069,12/13/2010,1718,109.28,35.84,187743.04
Middle East and North Africa,Tunisia ,Personal Care,Offline,H,11/1/2010,888248336,11/7/2010,1276,81.73,56.67,104287.48
Europe,Vatican City,Vegetables,Online,C,4/28/2014,778763139,5/9/2014,2173,154.06,90.93,334772.38
Sub-Saharan Africa,Djibouti,Snacks,Offline,H,12/22/2012,832713305,2/9/2013,7227,152.58,97.44,1102695.66
Europe,Ukraine,Household,Offline,M,8/25/2014,498585164,9/29/2014,1285,668.27,502.54,858726.95
Australia and Oceania,East Timor,Fruits,Offline,M,11/26/2016,195177543,12/23/2016,6227,9.33,6.92,58097.91
Sub-Saharan Africa,Uganda,Cereal,Online,C,10/20/2010,861601769,12/2/2010,5965,205.70,117.11,1227000.50
Sub-Saharan Africa,Guinea,Meat,Online,H,12/18/2014,807281672,1/26/2015,1441,421.89,364.69,607943.49
Sub-Saharan Africa,Equatorial Guinea,Clothes,Offline,H,3/20/2011,661953580,4/24/2011,5629,109.28,35.84,615137.12
Europe,Malta,Cosmetics,Online,M,7/12/2016,225666320,8/21/2016,8534,437.20,263.33,3731064.80
Europe,Cyprus,Household,Offline,L,1/26/2011,718781220,2/19/2011,2191,668.27,502.54,1464179.57
Europe,Czech Republic,Office Supplies,Online,L,2/24/2010,731972110,4/15/2010,5668,651.21,524.96,3691058.28
Middle East and North Africa,Libya,Vegetables,Online,C,1/2/2015,276225316,2/9/2015,64,154.06,90.93,9859.84
Asia,Vietnam,Office Supplies,Offline,C,7/26/2016,332839667,7/27/2016,3509,651.21,524.96,2285095.89
Middle East and North Africa,Jordan,Vegetables,Online,C,6/1/2014,603426492,6/15/2014,6163,154.06,90.93,949471.78
Sub-Saharan Africa,Mali,Beverages,Offline,H,12/21/2012,859909617,1/29/2013,5220,47.45,31.79,247689.00
Europe,Czech Republic,Household,Online,L,2/27/2010,494525372,3/2/2010,9902,668.27,502.54,6617209.54
Europe,Slovakia,Vegetables,Online,M,4/24/2016,769822585,5/15/2016,6465,154.06,90.93,995997.90
Sub-Saharan Africa,Zimbabwe,Vegetables,Offline,C,7/22/2012,768662583,8/10/2012,3195,154.06,90.93,492221.70
Central America and the Caribbean,Honduras,Cereal,Online,M,2/22/2015,544219195,3/9/2015,5409,205.70,117.11,1112631.30
Europe,Switzerland,Beverages,Offline,L,2/10/2011,669978749,3/20/2011,455,47.45,31.79,21589.75
Sub-Saharan Africa,South Africa,Cosmetics,Offline,L,1/21/2015,889740073,1/26/2015,2715,437.20,263.33,1186998.00
Sub-Saharan Africa,Uganda,Beverages,Online,M,5/10/2012,567614495,6/28/2012,8598,47.45,31.79,407975.10
Middle East and North Africa,Iran,Vegetables,Offline,M,12/16/2015,938025844,1/21/2016,1547,154.06,90.93,238330.82
Middle East and North Africa,Algeria,Vegetables,Online,C,2/25/2017,155710446,2/25/2017,7036,154.06,90.93,1083966.16
Sub-Saharan Africa,Central African Republic,Baby Food,Online,L,1/31/2012,945717132,2/13/2012,7570,255.28,159.42,1932469.60
Central America and the Caribbean,The Bahamas,Cosmetics,Offline,C,2/7/2013,253407227,2/15/2013,7685,437.20,263.33,3359882.00
Sub-Saharan Africa,South Africa,Household,Offline,H,9/14/2014,494454562,9/22/2014,8948,668.27,502.54,5979679.96
Sub-Saharan Africa,Benin,Cereal,Online,M,6/5/2012,104845464,7/24/2012,4957,205.70,117.11,1019654.90
Europe,Hungary,Cosmetics,Online,M,4/5/2014,290878760,4/7/2014,6344,437.20,263.33,2773596.80
Europe,Austria,Office Supplies,Offline,C,2/2/2014,979165780,2/10/2014,5768,651.21,524.96,3756179.28
Asia,Tajikistan,Office Supplies,Offline,C,9/1/2010,366630351,10/12/2010,2923,651.21,524.96,1903486.83
Europe,Portugal,Office Supplies,Online,C,5/17/2011,770508801,6/25/2011,9532,651.21,524.96,6207333.72
Europe,Belgium,Beverages,Offline,M,4/21/2013,978349959,5/21/2013,4349,47.45,31.79,206360.05
Europe,Slovenia,Beverages,Offline,L,8/10/2014,298015153,8/14/2014,8161,47.45,31.79,387239.45
Europe,Czech Republic,Snacks,Online,M,9/19/2010,807678210,10/30/2010,8786,152.58,97.44,1340567.88
Australia and Oceania,Marshall Islands,Personal Care,Offline,C,4/13/2013,605825459,5/14/2013,6071,81.73,56.67,496182.83
Sub-Saharan Africa,Sudan,Fruits,Online,C,1/28/2016,561255729,2/1/2016,6897,9.33,6.92,64349.01
Central America and the Caribbean,Dominican Republic,Clothes,Online,H,12/9/2013,263080346,12/14/2013,175,109.28,35.84,19124.00
Sub-Saharan Africa,Tanzania,Cereal,Offline,C,2/21/2014,270723140,3/9/2014,1848,205.70,117.11,380133.60
Europe,Switzerland,Clothes,Offline,H,6/9/2017,763920438,7/10/2017,9888,109.28,35.84,1080560.64
North America,Greenland,Household,Online,L,4/17/2014,192721068,5/20/2014,9302,668.27,502.54,6216247.54
Australia and Oceania,Tonga,Fruits,Offline,L,5/20/2011,227486360,6/8/2011,7124,9.33,6.92,66466.92
Middle East and North Africa,Saudi Arabia,Vegetables,Online,M,8/28/2012,808890140,9/22/2012,7422,154.06,90.93,1143433.32
Central America and the Caribbean,Belize,Cosmetics,Offline,C,7/25/2015,597918736,9/11/2015,6296,437.20,263.33,2752611.20
Sub-Saharan Africa,Angola,Cosmetics,Online,H,10/27/2014,125870978,11/20/2014,6874,437.20,263.33,3005312.80
Asia,Malaysia,Household,Online,H,10/18/2013,444358193,10/21/2013,4319,668.27,502.54,2886258.13
Sub-Saharan Africa,Ethiopia,Beverages,Online,C,2/15/2013,875304210,3/12/2013,822,47.45,31.79,39003.90
North America,Greenland,Baby Food,Offline,C,7/8/2014,360945355,8/16/2014,607,255.28,159.42,154954.96
Sub-Saharan Africa,Benin,Cereal,Offline,C,12/12/2016,613830459,1/16/2017,4928,205.70,117.11,1013689.60
Middle East and North Africa,Yemen,Cereal,Offline,H,11/24/2012,266820847,12/10/2012,7073,205.70,117.11,1454916.10
Sub-Saharan Africa,Rwanda,Baby Food,Offline,M,11/3/2014,723090350,11/27/2014,7358,255.28,159.42,1878350.24
Sub-Saharan Africa,Mauritania,Meat,Offline,M,8/3/2013,306125295,8/15/2013,8132,421.89,364.69,3430809.48
Australia and Oceania,New Zealand,Personal Care,Online,L,5/23/2012,109724509,6/16/2012,8775,81.73,56.67,717180.75
Australia and Oceania,Samoa ,Clothes,Offline,M,7/22/2015,847999322,8/6/2015,699,109.28,35.84,76386.72
Australia and Oceania,Fiji,Clothes,Online,H,2/1/2017,605373561,3/2/2017,2344,109.28,35.84,256152.32
Sub-Saharan Africa,Malawi,Beverages,Online,H,1/28/2012,686583554,2/22/2012,4186,47.45,31.79,198625.70
Australia and Oceania,Marshall Islands,Beverages,Offline,M,8/3/2015,666678130,9/21/2015,3729,47.45,31.79,176941.05
Central America and the Caribbean,Grenada,Baby Food,Online,M,6/23/2013,641018617,6/30/2013,508,255.28,159.42,129682.24
Europe,Luxembourg,Meat,Online,C,8/3/2011,775278842,9/22/2011,1093,421.89,364.69,461125.77
Sub-Saharan Africa,Zimbabwe,Meat,Offline,M,10/30/2016,855445134,12/6/2016,4080,421.89,364.69,1721311.20
Asia,China,Vegetables,Online,H,9/5/2010,737816321,9/21/2010,5100,154.06,90.93,785706.00
North America,United States of America,Beverages,Online,L,7/13/2013,799003732,7/14/2013,1815,47.45,31.79,86121.75
Sub-Saharan Africa,Central African Republic,Vegetables,Online,L,10/9/2012,585931193,11/21/2012,8916,154.06,90.93,1373598.96
Central America and the Caribbean,Antigua and Barbuda ,Vegetables,Online,M,1/3/2012,165835034,1/5/2012,3127,154.06,90.93,481745.62
Central America and the Caribbean,Guatemala,Baby Food,Offline,H,2/8/2012,576264083,3/14/2012,8203,255.28,159.42,2094061.84
Middle East and North Africa,Qatar,Clothes,Offline,L,1/3/2015,675079667,1/7/2015,9930,109.28,35.84,1085150.40
Middle East and North Africa,Israel,Personal Care,Online,L,5/13/2012,290455615,5/28/2012,1126,81.73,56.67,92027.98
Asia,Thailand,Snacks,Offline,L,1/13/2012,670878255,2/15/2012,6639,152.58,97.44,1012978.62
Asia,Singapore,Cereal,Online,M,7/30/2011,435146415,8/12/2011,8349,205.70,117.11,1717389.30
Asia,North Korea,Snacks,Online,C,3/13/2017,522371423,4/8/2017,167,152.58,97.44,25480.86
Europe,Austria,Office Supplies,Online,L,3/23/2017,141977107,4/18/2017,3036,651.21,524.96,1977073.56
Asia,Japan,Baby Food,Offline,L,3/16/2016,823699796,4/19/2016,9929,255.28,159.42,2534675.12
Sub-Saharan Africa,Zimbabwe,Beverages,Offline,L,12/18/2015,567588317,12/26/2015,851,47.45,31.79,40379.95
Europe,Lithuania,Fruits,Offline,H,10/25/2011,594003999,11/16/2011,7838,9.33,6.92,73128.54
Europe,Luxembourg,Baby Food,Offline,H,6/30/2011,393620669,8/2/2011,9958,255.28,159.42,2542078.24
Sub-Saharan Africa,Central African Republic,Cosmetics,Offline,H,3/27/2016,877424657,4/10/2016,8309,437.20,263.33,3632694.80
Europe,Norway,Household,Offline,M,12/23/2016,326714789,1/21/2017,1021,668.27,502.54,682303.67
Sub-Saharan Africa,Democratic Republic of the Congo,Fruits,Offline,M,4/18/2013,243102395,4/18/2013,8256,9.33,6.92,77028.48
Australia and Oceania,New Zealand,Household,Offline,L,3/8/2017,398511302,4/20/2017,7205,668.27,502.54,4814885.35
Europe,Ukraine,Personal Care,Offline,M,6/3/2011,185177838,7/4/2011,7092,81.73,56.67,579629.16
Asia,Taiwan,Personal Care,Offline,H,11/30/2013,865650832,12/31/2013,4173,81.73,56.67,341059.29
Europe,Italy,Cereal,Offline,C,5/11/2013,622791612,5/31/2013,6733,205.70,117.11,1384978.10
Europe,Finland,Personal Care,Online,L,11/13/2010,409774005,11/27/2010,89,81.73,56.67,7273.97
Sub-Saharan Africa,Sudan,Office Supplies,Online,H,3/9/2016,800084340,4/21/2016,1591,651.21,524.96,1036075.11
Europe,Croatia,Snacks,Offline,M,8/19/2013,637521445,9/12/2013,5618,152.58,97.44,857194.44
Sub-Saharan Africa,Mauritania,Beverages,Online,L,4/19/2011,186196649,5/28/2011,8581,47.45,31.79,407168.45
Australia and Oceania,New Zealand,Baby Food,Offline,L,7/20/2014,680533778,7/25/2014,3923,255.28,159.42,1001463.44
Middle East and North Africa,Pakistan,Beverages,Online,L,9/8/2014,275269162,9/15/2014,7117,47.45,31.79,337701.65
Europe,Poland,Household,Online,C,6/4/2015,795451629,6/19/2015,668,668.27,502.54,446404.36
Europe,Lithuania,Cereal,Offline,M,12/19/2013,986442506,1/1/2014,9113,205.70,117.11,1874544.10
Middle East and North Africa,Pakistan,Cereal,Offline,M,5/18/2012,563915622,6/10/2012,4019,205.70,117.11,826708.30
Australia and Oceania,East Timor,Cosmetics,Offline,C,10/12/2013,663857305,11/13/2013,8984,437.20,263.33,3927804.80
Australia and Oceania,Marshall Islands,Fruits,Online,L,1/2/2011,692566382,1/14/2011,4638,9.33,6.92,43272.54
Central America and the Caribbean,Cuba,Household,Offline,L,2/2/2013,576654183,2/3/2013,3642,668.27,502.54,2433839.34
North America,Greenland,Baby Food,Offline,H,3/19/2011,313044536,4/14/2011,5689,255.28,159.42,1452287.92
Europe,Luxembourg,Personal Care,Offline,C,10/3/2012,418973767,10/27/2012,2503,81.73,56.67,204570.19
Middle East and North Africa,Israel,Beverages,Online,C,10/23/2014,581990706,11/15/2014,2838,47.45,31.79,134663.10
Sub-Saharan Africa,Djibouti,Baby Food,Online,H,7/12/2015,109956681,7/24/2015,7480,255.28,159.42,1909494.40
Europe,Bulgaria,Cereal,Online,L,5/6/2010,181045520,5/27/2010,4247,205.70,117.11,873607.90
Asia,Mongolia,Vegetables,Online,C,11/27/2010,693743550,1/9/2011,2988,154.06,90.93,460331.28
Central America and the Caribbean,Dominican Republic,Clothes,Offline,L,12/26/2010,716849601,12/31/2010,582,109.28,35.84,63600.96
Middle East and North Africa,Yemen,Cosmetics,Online,L,12/30/2012,739474999,1/1/2013,5940,437.20,263.33,2596968.00
Australia and Oceania,Federated States of Micronesia,Personal Care,Online,M,8/21/2016,421043574,9/7/2016,5005,81.73,56.67,409058.65
Europe,Finland,Personal Care,Online,M,2/3/2015,841291654,3/20/2015,5751,81.73,56.67,470029.23
Central America and the Caribbean,The Bahamas,Cereal,Offline,L,12/19/2013,450268065,1/4/2014,3181,205.70,117.11,654331.70
Central America and the Caribbean,Grenada,Meat,Online,L,5/12/2012,918334138,6/12/2012,4334,421.89,364.69,1828471.26
Sub-Saharan Africa,Sao Tome and Principe,Meat,Offline,M,3/28/2014,386163699,4/19/2014,3275,421.89,364.69,1381689.75
Central America and the Caribbean,El Salvador,Personal Care,Offline,C,1/11/2017,214743077,2/18/2017,6103,81.73,56.67,498798.19
Europe,Sweden,Baby Food,Online,M,6/21/2015,935371100,7/6/2015,5949,255.28,159.42,1518660.72
Asia,Turkmenistan,Cosmetics,Offline,H,11/29/2012,899659097,12/3/2012,7974,437.20,263.33,3486232.80
Europe,Monaco,Vegetables,Online,H,1/1/2010,329530894,2/13/2010,4369,154.06,90.93,673088.14
Middle East and North Africa,Turkey,Meat,Online,H,1/6/2016,867222821,2/6/2016,9359,421.89,364.69,3948468.51
Sub-Saharan Africa,Mozambique,Beverages,Online,M,10/14/2014,625283706,10/23/2014,4199,47.45,31.79,199242.55
Middle East and North Africa,Yemen,Office Supplies,Offline,C,12/9/2013,936574876,1/9/2014,2173,651.21,524.96,1415079.33
Asia,Philippines,Cereal,Offline,M,10/19/2010,504270160,11/25/2010,3601,205.70,117.11,740725.70
Sub-Saharan Africa,Democratic Republic of the Congo,Personal Care,Offline,M,5/2/2011,351855885,6/2/2011,830,81.73,56.67,67835.90
Australia and Oceania,Fiji,Snacks,Online,H,3/17/2011,673130881,3/23/2011,3241,152.58,97.44,494511.78
Europe,Macedonia,Office Supplies,Offline,H,9/24/2014,382206475,10/13/2014,2244,651.21,524.96,1461315.24
Middle East and North Africa,Tunisia ,Cereal,Online,H,12/1/2015,263506495,12/14/2015,6283,205.70,117.11,1292413.10
Europe,Liechtenstein,Cereal,Offline,L,6/2/2017,721767270,7/18/2017,5829,205.70,117.11,1199025.30
Middle East and North Africa,Qatar,Cosmetics,Online,M,8/4/2011,432037627,8/18/2011,8390,437.20,263.33,3668108.00
Australia and Oceania,Tonga,Meat,Offline,C,7/29/2014,389678895,8/24/2014,3499,421.89,364.69,1476193.11
Europe,Belgium,Meat,Online,L,1/26/2017,760364902,2/24/2017,7726,421.89,364.69,3259522.14
Sub-Saharan Africa,Chad,Fruits,Offline,C,11/5/2010,430081975,12/9/2010,9669,9.33,6.92,90211.77
Asia,Thailand,Baby Food,Online,H,3/26/2015,155128943,5/5/2015,4957,255.28,159.42,1265422.96
Europe,Iceland,Clothes,Offline,H,10/7/2012,312117135,10/16/2012,1251,109.28,35.84,136709.28
Central America and the Caribbean,Saint Lucia,Meat,Offline,L,7/22/2013,447970378,9/2/2013,3245,421.89,364.69,1369033.05
Asia,Japan,Cosmetics,Offline,C,8/16/2013,629925000,8/18/2013,7661,437.20,263.33,3349389.20
Asia,India,Personal Care,Offline,L,11/5/2013,995529830,12/17/2013,8254,81.73,56.67,674599.42
Australia and Oceania,Vanuatu,Office Supplies,Online,L,3/1/2016,402646195,3/28/2016,812,651.21,524.96,528782.52
Sub-Saharan Africa,Chad,Meat,Offline,M,3/25/2012,479447925,4/4/2012,8150,421.89,364.69,3438403.50
Sub-Saharan Africa,Malawi,Cosmetics,Offline,H,6/20/2017,674421346,6/29/2017,5118,437.20,263.33,2237589.60
Europe,Finland,Cosmetics,Online,L,4/18/2014,506365287,5/16/2014,3596,437.20,263.33,1572171.20
Middle East and North Africa,Turkey,Clothes,Online,C,6/28/2016,914391076,8/4/2016,7494,109.28,35.84,818944.32
Sub-Saharan Africa,South Africa,Meat,Online,L,5/20/2012,207922542,7/1/2012,7755,421.89,364.69,3271756.95
Europe,Lithuania,Office Supplies,Offline,M,2/4/2014,816696012,2/16/2014,7353,651.21,524.96,4788347.13
Europe,Russia,Beverages,Offline,L,11/15/2015,740760314,11/21/2015,6293,47.45,31.79,298602.85
Central America and the Caribbean,The Bahamas,Baby Food,Online,C,1/11/2013,300476777,2/28/2013,6610,255.28,159.42,1687400.80
Central America and the Caribbean,The Bahamas,Snacks,Online,L,4/24/2013,786519229,6/7/2013,7373,152.58,97.44,1124972.34
Middle East and North Africa,Turkey,Cosmetics,Offline,C,5/15/2010,409873998,6/3/2010,9679,437.20,263.33,4231658.80
Sub-Saharan Africa,Mauritius ,Cosmetics,Offline,H,4/17/2010,151839911,5/22/2010,1659,437.20,263.33,725314.80
Europe,Bulgaria,Vegetables,Online,H,8/25/2012,614028298,9/9/2012,3473,154.06,90.93,535050.38
Middle East and North Africa,Iran,Household,Offline,L,4/19/2014,668362987,5/13/2014,2315,668.27,502.54,1547045.05
Sub-Saharan Africa,Ghana,Household,Online,M,2/26/2013,607080304,4/5/2013,7408,668.27,502.54,4950544.16
Sub-Saharan Africa,Malawi,Baby Food,Online,M,12/28/2011,792729079,1/17/2012,5006,255.28,159.42,1277931.68
Sub-Saharan Africa,Zimbabwe,Baby Food,Offline,M,8/21/2014,308170640,10/10/2014,3395,255.28,159.42,866675.60
Asia,Tajikistan,Vegetables,Online,H,8/21/2014,106578814,10/2/2014,7894,154.06,90.93,1216149.64
Europe,Czech Republic,Cereal,Online,H,3/2/2014,761439931,3/28/2014,5851,205.70,117.11,1203550.70
Sub-Saharan Africa,Mauritius ,Household,Online,L,9/6/2012,216552817,9/27/2012,1646,668.27,502.54,1099972.42
Sub-Saharan Africa,Lesotho,Fruits,Online,H,9/16/2010,536028802,9/22/2010,1689,9.33,6.92,15758.37
Sub-Saharan Africa,Mali,Beverages,Online,L,8/13/2013,254291713,8/15/2013,9424,47.45,31.79,447168.80
Europe,Georgia,Personal Care,Online,C,9/11/2012,226077878,10/23/2012,323,81.73,56.67,26398.79
Europe,Albania,Office Supplies,Offline,M,8/31/2011,476436126,10/15/2011,6892,651.21,524.96,4488139.32
Europe,Cyprus,Cosmetics,Offline,L,4/21/2015,650727784,6/6/2015,3667,437.20,263.33,1603212.40
Central America and the Caribbean,Saint Kitts and Nevis ,Household,Offline,C,7/11/2010,464626681,7/27/2010,2215,668.27,502.54,1480218.05
Middle East and North Africa,Tunisia ,Meat,Offline,C,8/9/2015,154119145,9/21/2015,6135,421.89,364.69,2588295.15
Central America and the Caribbean,Cuba,Meat,Online,M,10/17/2015,925504004,12/6/2015,6057,421.89,364.69,2555387.73
Australia and Oceania,Kiribati,Cereal,Offline,L,7/24/2012,905392587,8/16/2012,4641,205.70,117.11,954653.70
Asia,Cambodia,Snacks,Online,C,3/25/2012,990708720,5/4/2012,1581,152.58,97.44,241228.98
Europe,Moldova ,Baby Food,Online,M,8/11/2014,798688733,9/18/2014,8600,255.28,159.42,2195408.00
Asia,Uzbekistan,Cereal,Offline,C,10/15/2016,916881453,11/28/2016,4452,205.70,117.11,915776.40
Asia,India,Cosmetics,Offline,L,12/3/2016,653148210,1/21/2017,9924,437.20,263.33,4338772.80
Europe,Germany,Personal Care,Offline,C,6/12/2010,285662829,7/13/2010,2834,81.73,56.67,231622.82
Europe,Austria,Vegetables,Online,C,7/29/2016,612911641,8/31/2016,3030,154.06,90.93,466801.80
Europe,Germany,Office Supplies,Offline,L,12/9/2013,703693473,1/12/2014,7391,651.21,524.96,4813093.11
Asia,Bhutan,Clothes,Online,M,7/12/2012,147119653,8/9/2012,4829,109.28,35.84,527713.12
Asia,Kyrgyzstan,Fruits,Online,C,1/14/2012,402614009,3/2/2012,1287,9.33,6.92,12007.71
Middle East and North Africa,Somalia,Personal Care,Online,C,3/20/2013,749912869,4/25/2013,4738,81.73,56.67,387236.74
Central America and the Caribbean,Saint Lucia,Household,Online,H,2/10/2014,539065062,3/10/2014,186,668.27,502.54,124298.22
Europe,Armenia,Snacks,Offline,H,10/26/2013,540431916,11/15/2013,4668,152.58,97.44,712243.44
North America,Canada,Beverages,Online,C,4/16/2016,694687259,6/2/2016,2252,47.45,31.79,106857.40
Sub-Saharan Africa,Burundi,Cosmetics,Offline,H,5/27/2011,562817418,6/2/2011,9036,437.20,263.33,3950539.20
Europe,Liechtenstein,Cereal,Online,L,8/4/2016,676121222,9/9/2016,8149,205.70,117.11,1676249.30
Middle East and North Africa,Tunisia ,Snacks,Offline,L,7/3/2012,286210000,8/5/2012,4754,152.58,97.44,725365.32
Middle East and North Africa,Iraq,Beverages,Online,L,12/4/2014,515007579,1/11/2015,1042,47.45,31.79,49442.90
Asia,Indonesia,Cosmetics,Offline,C,5/31/2010,304750287,6/1/2010,1237,437.20,263.33,540816.40
Asia,Kazakhstan,Beverages,Online,H,2/5/2013,467986953,2/17/2013,6594,47.45,31.79,312885.30
Europe,Denmark,Beverages,Offline,C,6/15/2015,537578904,7/9/2015,399,47.45,31.79,18932.55
Europe,Luxembourg,Vegetables,Offline,L,10/21/2014,116699969,11/18/2014,2969,154.06,90.93,457404.14
Sub-Saharan Africa,Cape Verde,Snacks,Offline,C,2/13/2017,228836476,3/13/2017,6653,152.58,97.44,1015114.74
Australia and Oceania,Palau,Vegetables,Offline,C,6/29/2010,167787253,7/16/2010,832,154.06,90.93,128177.92
Australia and Oceania,Australia,Vegetables,Online,M,5/19/2014,647663629,5/20/2014,6915,154.06,90.93,1065324.90
Central America and the Caribbean,Nicaragua,Meat,Offline,L,3/21/2015,652889430,4/15/2015,3346,421.89,364.69,1411643.94
Asia,Laos,Office Supplies,Offline,M,8/31/2015,588200986,10/15/2015,598,651.21,524.96,389423.58
Central America and the Caribbean,Cuba,Personal Care,Online,L,8/23/2015,928647124,8/30/2015,6176,81.73,56.67,504764.48
Europe,Moldova ,Cosmetics,Offline,L,2/24/2016,869589173,3/17/2016,9615,437.20,263.33,4203678.00
Middle East and North Africa,Syria,Household,Online,C,6/17/2015,576700961,7/23/2015,7485,668.27,502.54,5002000.95
Central America and the Caribbean,The Bahamas,Cereal,Offline,M,11/27/2012,735968816,12/6/2012,8382,205.70,117.11,1724177.40
Europe,Belarus,Snacks,Offline,M,9/7/2012,303691565,10/19/2012,7938,152.58,97.44,1211180.04
Middle East and North Africa,United Arab Emirates,Clothes,Offline,C,6/23/2012,556480538,8/7/2012,3812,109.28,35.84,416575.36
Sub-Saharan Africa,Angola,Beverages,Offline,H,10/23/2014,141259562,11/11/2014,698,47.45,31.79,33120.10
Central America and the Caribbean,Cuba,Cosmetics,Offline,C,9/18/2015,925264966,10/18/2015,5320,437.20,263.33,2325904.00
Europe,Ukraine,Office Supplies,Online,H,1/24/2016,346045577,2/20/2016,1431,651.21,524.96,931881.51
Sub-Saharan Africa,Mozambique,Fruits,Offline,H,3/23/2010,861462724,4/19/2010,4818,9.33,6.92,44951.94
Europe,Armenia,Personal Care,Online,M,7/26/2012,499690234,8/28/2012,8299,81.73,56.67,678277.27
North America,Greenland,Clothes,Online,H,10/20/2015,509214437,11/2/2015,6722,109.28,35.84,734580.16
Central America and the Caribbean,Saint Kitts and Nevis ,Office Supplies,Online,M,6/27/2017,408834159,7/18/2017,1968,651.21,524.96,1281581.28
Europe,Vatican City,Beverages,Offline,M,4/4/2016,237660729,4/30/2016,7946,47.45,31.79,377037.70
Europe,Ukraine,Clothes,Online,C,8/5/2015,105117976,9/9/2015,5600,109.28,35.84,611968.00
Sub-Saharan Africa,Niger,Cereal,Offline,L,6/16/2012,640942227,7/4/2012,7903,205.70,117.11,1625647.10
Asia,Myanmar,Cosmetics,Online,L,4/3/2016,745182311,5/5/2016,4860,437.20,263.33,2124792.00
Sub-Saharan Africa,Guinea,Baby Food,Offline,C,9/21/2014,738199555,9/21/2014,8508,255.28,159.42,2171922.24
Sub-Saharan Africa,Guinea-Bissau,Snacks,Online,L,8/8/2015,110667788,9/10/2015,7913,152.58,97.44,1207365.54
Sub-Saharan Africa,South Sudan,Office Supplies,Online,C,7/19/2012,673573338,7/20/2012,4174,651.21,524.96,2718150.54
Middle East and North Africa,Turkey,Snacks,Offline,H,8/26/2011,708215034,9/13/2011,5421,152.58,97.44,827136.18
Australia and Oceania,Palau,Household,Online,M,6/23/2012,816204202,7/1/2012,1816,668.27,502.54,1213578.32
Europe,Poland,Beverages,Offline,L,11/20/2011,769464671,12/24/2011,550,47.45,31.79,26097.50
Asia,Malaysia,Beverages,Offline,L,5/13/2015,860232770,6/4/2015,848,47.45,31.79,40237.60
North America,United States of America,Personal Care,Offline,C,7/16/2010,551057326,8/22/2010,8963,81.73,56.67,732545.99
Europe,Switzerland,Cosmetics,Online,C,5/21/2016,724799668,5/27/2016,3183,437.20,263.33,1391607.60
Australia and Oceania,Papua New Guinea,Cosmetics,Offline,H,4/22/2011,534633624,6/8/2011,8825,437.20,263.33,3858290.00
Sub-Saharan Africa,Namibia,Beverages,Offline,H,8/14/2012,554045522,9/20/2012,3237,47.45,31.79,153595.65
Europe,Ireland,Clothes,Online,C,3/17/2012,526834189,5/2/2012,799,109.28,35.84,87314.72
Sub-Saharan Africa,Mozambique,Household,Online,C,8/6/2010,717110955,8/9/2010,7922,668.27,502.54,5294034.94
Sub-Saharan Africa,Democratic Republic of the Congo,Baby Food,Offline,L,2/25/2013,559299647,3/26/2013,8049,255.28,159.42,2054748.72
North America,United States of America,Meat,Online,M,3/6/2011,908136594,3/10/2011,6654,421.89,364.69,2807256.06
Middle East and North Africa,Azerbaijan,Office Supplies,Offline,M,12/14/2015,888670623,12/16/2015,6240,651.21,524.96,4063550.40
Europe,Belgium,Office Supplies,Offline,C,2/10/2017,146263062,2/16/2017,1345,651.21,524.96,875877.45
Asia,Taiwan,Office Supplies,Offline,L,9/20/2016,196587741,10/28/2016,3536,651.21,524.96,2302678.56
Central America and the Caribbean,Panama,Baby Food,Online,M,4/30/2010,375630986,6/2/2010,6411,255.28,159.42,1636600.08
Europe,Andorra,Beverages,Offline,H,6/25/2013,989691627,7/10/2013,600,47.45,31.79,28470.00
Europe,Georgia,Household,Offline,H,7/4/2012,165380990,7/27/2012,8765,668.27,502.54,5857386.55
Central America and the Caribbean,Barbados,Snacks,Online,C,9/21/2013,599622905,10/22/2013,597,152.58,97.44,91090.26
Europe,Sweden,Personal Care,Offline,C,12/8/2016,109653699,1/6/2017,7821,81.73,56.67,639210.33
Middle East and North Africa,Algeria,Meat,Offline,M,9/2/2011,183022201,10/15/2011,9191,421.89,364.69,3877590.99
Europe,Italy,Personal Care,Online,L,3/21/2011,127589738,4/2/2011,5494,81.73,56.67,449024.62
Europe,Russia,Fruits,Offline,L,1/8/2011,221530139,1/26/2011,4546,9.33,6.92,42414.18
Central America and the Caribbean,Antigua and Barbuda ,Office Supplies,Offline,M,2/22/2015,363329732,2/22/2015,6197,651.21,524.96,4035548.37
Middle East and North Africa,Jordan,Fruits,Online,C,5/15/2017,521787345,6/25/2017,7325,9.33,6.92,68342.25
Sub-Saharan Africa,Mali,Meat,Online,L,7/14/2012,286014306,8/15/2012,6844,421.89,364.69,2887415.16
Middle East and North Africa,Somalia,Cereal,Offline,C,6/25/2015,215434443,6/30/2015,694,205.70,117.11,142755.80
Middle East and North Africa,Kuwait,Snacks,Online,L,10/26/2011,489784085,11/1/2011,6850,152.58,97.44,1045173.00
Sub-Saharan Africa,Liberia,Office Supplies,Offline,C,9/24/2014,459112060,10/12/2014,316,651.21,524.96,205782.36
Asia,China,Office Supplies,Online,C,9/30/2015,893779695,11/7/2015,8128,651.21,524.96,5293034.88
Europe,Andorra,Meat,Offline,M,3/31/2011,834460818,3/31/2011,4355,421.89,364.69,1837330.95
Sub-Saharan Africa,Niger,Beverages,Online,C,10/25/2013,742141759,10/28/2013,5093,47.45,31.79,241662.85
Europe,Hungary,Vegetables,Offline,M,8/12/2010,248121345,9/14/2010,3475,154.06,90.93,535358.50
Europe,Monaco,Clothes,Offline,M,7/26/2012,404010903,9/4/2012,4659,109.28,35.84,509135.52
Australia and Oceania,Tuvalu,Household,Online,L,9/30/2012,531734263,10/12/2012,840,668.27,502.54,561346.80
Sub-Saharan Africa,South Sudan,Baby Food,Online,C,11/9/2012,473527753,12/29/2012,6240,255.28,159.42,1592947.20
Europe,Cyprus,Cereal,Offline,M,11/19/2011,141940200,1/2/2012,2114,205.70,117.11,434849.80
Europe,Poland,Household,Offline,M,6/9/2017,869832932,7/25/2017,1749,668.27,502.54,1168804.23
Sub-Saharan Africa,Liberia,Snacks,Online,H,9/17/2011,460379779,11/4/2011,5462,152.58,97.44,833391.96
Sub-Saharan Africa,Cote d'Ivoire,Vegetables,Online,C,10/23/2015,837067067,10/26/2015,5602,154.06,90.93,863044.12
Asia,Kyrgyzstan,Beverages,Online,C,4/3/2010,393693625,4/9/2010,1547,47.45,31.79,73405.15
Europe,Slovakia,Vegetables,Offline,L,7/3/2014,744370782,7/14/2014,4711,154.06,90.93,725776.66
Asia,Malaysia,Cosmetics,Offline,M,12/30/2014,873522365,1/13/2015,3534,437.20,263.33,1545064.80
Sub-Saharan Africa,Liberia,Beverages,Online,L,5/19/2014,285884702,6/10/2014,8491,47.45,31.79,402897.95
Australia and Oceania,Vanuatu,Cosmetics,Online,H,8/4/2012,356506621,9/3/2012,7086,437.20,263.33,3097999.20
Australia and Oceania,Kiribati,Baby Food,Offline,L,8/15/2010,280749452,10/1/2010,8856,255.28,159.42,2260759.68
Middle East and North Africa,Turkey,Baby Food,Online,M,4/26/2014,224287021,5/17/2014,368,255.28,159.42,93943.04
Europe,San Marino,Fruits,Offline,M,6/10/2015,873105657,6/23/2015,221,9.33,6.92,2061.93
Europe,Vatican City,Snacks,Offline,C,8/12/2010,283504188,9/2/2010,4044,152.58,97.44,617033.52
Middle East and North Africa,Morocco,Beverages,Offline,C,8/28/2012,632093942,9/5/2012,9499,47.45,31.79,450727.55
Sub-Saharan Africa,Equatorial Guinea,Meat,Offline,L,7/15/2016,565798747,8/9/2016,1277,421.89,364.69,538753.53
Middle East and North Africa,Jordan,Vegetables,Online,M,9/14/2010,151854932,10/19/2010,6104,154.06,90.93,940382.24
Asia,Kyrgyzstan,Vegetables,Online,H,3/7/2011,427811324,4/16/2011,7733,154.06,90.93,1191345.98
Sub-Saharan Africa,Republic of the Congo,Fruits,Online,L,4/30/2012,251529252,5/5/2012,1950,9.33,6.92,18193.50
Australia and Oceania,East Timor,Snacks,Offline,C,5/18/2013,351182544,6/22/2013,1574,152.58,97.44,240160.92
Europe,Estonia,Meat,Offline,H,8/10/2014,175257527,9/25/2014,1452,421.89,364.69,612584.28
Asia,Bangladesh,Snacks,Online,H,7/31/2013,142553031,9/11/2013,3465,152.58,97.44,528689.70
Sub-Saharan Africa,Senegal,Fruits,Offline,H,7/2/2016,292180383,8/15/2016,1523,9.33,6.92,14209.59
Middle East and North Africa,Pakistan,Fruits,Offline,L,9/13/2011,733563411,9/20/2011,6569,9.33,6.92,61288.77
Europe,Czech Republic,Beverages,Online,H,4/18/2011,296438443,4/19/2011,1578,47.45,31.79,74876.10
Sub-Saharan Africa,Ghana,Meat,Offline,C,2/9/2017,580854308,3/18/2017,6552,421.89,364.69,2764223.28
Asia,Japan,Cosmetics,Offline,H,11/20/2016,107172334,12/23/2016,3530,437.20,263.33,1543316.00
Asia,Kazakhstan,Baby Food,Offline,H,10/16/2010,166066348,12/5/2010,1578,255.28,159.42,402831.84
Central America and the Caribbean,The Bahamas,Snacks,Offline,H,3/15/2015,768522679,3/27/2015,1794,152.58,97.44,273728.52
Sub-Saharan Africa,Ethiopia,Household,Online,M,6/25/2013,195840156,7/25/2013,2309,668.27,502.54,1543035.43
Sub-Saharan Africa,Burkina Faso,Cosmetics,Offline,L,10/11/2012,849630105,11/9/2012,3284,437.20,263.33,1435764.80
Sub-Saharan Africa,Madagascar,Fruits,Offline,M,7/8/2017,701816356,7/30/2017,1910,9.33,6.92,17820.30
Europe,Netherlands,Office Supplies,Online,M,6/22/2010,944635236,7/27/2010,7413,651.21,524.96,4827419.73
Europe,Greece,Vegetables,Online,L,2/17/2017,140635573,3/21/2017,6046,154.06,90.93,931446.76
Middle East and North Africa,Egypt,Meat,Online,C,1/14/2011,972678697,2/25/2011,6096,421.89,364.69,2571841.44
Sub-Saharan Africa,South Sudan,Fruits,Online,M,1/9/2016,793938434,2/8/2016,2880,9.33,6.92,26870.40
Europe,Kosovo,Baby Food,Online,L,7/18/2011,177901113,8/13/2011,3747,255.28,159.42,956534.16
Asia,Brunei,Beverages,Online,L,3/16/2012,668365561,5/4/2012,3077,47.45,31.79,146003.65
Australia and Oceania,Australia,Vegetables,Online,C,12/15/2010,729443109,1/12/2011,7281,154.06,90.93,1121710.86
Sub-Saharan Africa,Cape Verde,Fruits,Offline,H,3/2/2013,695557582,4/3/2013,9800,9.33,6.92,91434.00
Sub-Saharan Africa,Malawi,Household,Offline,H,2/17/2010,521445310,4/4/2010,6110,668.27,502.54,4083129.70
Asia,Philippines,Personal Care,Online,L,2/19/2013,232155120,3/30/2013,8714,81.73,56.67,712195.22
Europe,Estonia,Beverages,Online,L,10/28/2011,373048341,12/12/2011,2149,47.45,31.79,101970.05
Central America and the Caribbean,Trinidad and Tobago,Office Supplies,Offline,L,10/26/2015,659798800,12/2/2015,7982,651.21,524.96,5197958.22
Asia,Mongolia,Household,Online,C,2/5/2013,428392827,2/5/2013,9812,668.27,502.54,6557065.24
Asia,Japan,Personal Care,Offline,M,8/25/2011,885129249,9/3/2011,8269,81.73,56.67,675825.37
Sub-Saharan Africa,Niger,Meat,Online,C,12/4/2012,156619393,12/5/2012,6014,421.89,364.69,2537246.46
Middle East and North Africa,Egypt,Baby Food,Offline,M,9/8/2015,939787089,9/9/2015,2739,255.28,159.42,699211.92
Central America and the Caribbean,Saint Lucia,Vegetables,Online,C,3/1/2012,151868665,4/19/2012,168,154.06,90.93,25882.08
Middle East and North Africa,Qatar,Cereal,Offline,C,8/5/2014,180412948,8/24/2014,7055,205.70,117.11,1451213.50
Sub-Saharan Africa,Mali,Fruits,Offline,H,7/24/2013,333281266,7/28/2013,4188,9.33,6.92,39074.04
Central America and the Caribbean,Saint Lucia,Cosmetics,Online,L,1/26/2012,888647449,2/28/2012,9383,437.20,263.33,4102247.60
Sub-Saharan Africa,Swaziland,Clothes,Offline,M,3/10/2014,844997823,4/26/2014,2488,109.28,35.84,271888.64
Asia,Mongolia,Fruits,Online,M,9/12/2013,171131217,10/8/2013,385,9.33,6.92,3592.05
Sub-Saharan Africa,Botswana,Office Supplies,Online,C,1/5/2013,256158959,1/18/2013,1983,651.21,524.96,1291349.43
Europe,San Marino,Cosmetics,Online,H,10/28/2011,759504878,12/8/2011,3226,437.20,263.33,1410407.20
Middle East and North Africa,Oman,Fruits,Online,C,11/21/2010,960905301,11/25/2010,2087,9.33,6.92,19471.71
Asia,Bangladesh,Office Supplies,Offline,C,10/28/2015,210409057,12/4/2015,3570,651.21,524.96,2324819.70
Sub-Saharan Africa,Namibia,Cosmetics,Offline,C,7/29/2010,178377473,9/1/2010,4713,437.20,263.33,2060523.60
Asia,Mongolia,Fruits,Online,M,3/30/2014,805484378,5/1/2014,9582,9.33,6.92,89400.06
Asia,North Korea,Beverages,Online,C,9/14/2016,752716100,10/12/2016,4276,47.45,31.79,202896.20
Europe,Latvia,Clothes,Online,M,9/6/2012,551371467,9/15/2012,1925,109.28,35.84,210364.00
Sub-Saharan Africa,Burundi,Snacks,Offline,M,2/8/2013,353061807,3/5/2013,7689,152.58,97.44,1173187.62
Sub-Saharan Africa,Seychelles ,Personal Care,Online,C,1/17/2011,379710948,1/30/2011,3762,81.73,56.67,307468.26
Sub-Saharan Africa,Kenya,Cereal,Online,H,10/11/2015,473555219,11/6/2015,4368,205.70,117.11,898497.60
Sub-Saharan Africa,Benin,Office Supplies,Online,C,2/21/2011,547143447,2/23/2011,760,651.21,524.96,494919.60
Central America and the Caribbean,Saint Lucia,Personal Care,Online,C,4/29/2012,133336961,6/13/2012,6225,81.73,56.67,508769.25
Middle East and North Africa,Qatar,Meat,Online,H,8/30/2016,635309588,10/14/2016,1080,421.89,364.69,455641.20
Sub-Saharan Africa,Mozambique,Beverages,Online,C,12/20/2014,376547658,12/26/2014,7675,47.45,31.79,364178.75
Middle East and North Africa,Pakistan,Clothes,Offline,M,6/28/2010,450849997,7/21/2010,5388,109.28,35.84,588800.64
Asia,Taiwan,Personal Care,Online,M,2/6/2015,672327935,2/6/2015,5631,81.73,56.67,460221.63
Central America and the Caribbean,Cuba,Cereal,Offline,L,3/30/2015,925405299,5/1/2015,6847,205.70,117.11,1408427.90
Central America and the Caribbean,Cuba,Household,Offline,H,7/28/2013,714818418,8/24/2013,9509,668.27,502.54,6354579.43
Europe,Russia,Beverages,Offline,C,1/6/2010,515616118,2/5/2010,1122,47.45,31.79,53238.90
Europe,Switzerland,Cereal,Offline,C,2/20/2013,423159730,4/11/2013,1222,205.70,117.11,251365.40
Europe,Czech Republic,Personal Care,Offline,H,8/25/2013,603123080,9/29/2013,6377,81.73,56.67,521192.21
Europe,Poland,Meat,Offline,C,11/16/2010,841492497,12/31/2010,5185,421.89,364.69,2187499.65
Sub-Saharan Africa,Mauritius ,Cereal,Offline,L,8/2/2016,994566810,9/1/2016,3275,205.70,117.11,673667.50
Middle East and North Africa,Pakistan,Vegetables,Offline,M,4/25/2013,538957345,4/25/2013,8310,154.06,90.93,1280238.60
Sub-Saharan Africa,South Africa,Fruits,Offline,L,3/2/2011,821587932,3/11/2011,4981,9.33,6.92,46472.73
Sub-Saharan Africa,Seychelles ,Household,Online,C,9/28/2013,109694898,10/16/2013,13,668.27,502.54,8687.51
Sub-Saharan Africa,Benin,Meat,Offline,M,5/5/2014,340827071,6/5/2014,7159,421.89,364.69,3020310.51
Sub-Saharan Africa,Benin,Meat,Offline,L,11/28/2014,372845780,12/9/2014,2207,421.89,364.69,931111.23
Central America and the Caribbean,Nicaragua,Fruits,Online,M,8/30/2014,933924853,9/13/2014,7973,9.33,6.92,74388.09
Middle East and North Africa,Lebanon,Office Supplies,Online,L,11/20/2013,572550618,11/25/2013,9306,651.21,524.96,6060160.26
Europe,Moldova ,Meat,Online,M,2/23/2010,607521903,4/5/2010,8086,421.89,364.69,3411402.54
Middle East and North Africa,Tunisia ,Snacks,Online,H,3/20/2017,177950036,4/29/2017,8225,152.58,97.44,1254970.50
Australia and Oceania,Vanuatu,Beverages,Offline,M,11/8/2015,293258845,11/14/2015,664,47.45,31.79,31506.80
Sub-Saharan Africa,South Sudan,Beverages,Online,C,8/9/2010,683184659,8/23/2010,8377,47.45,31.79,397488.65
Europe,Sweden,Cereal,Online,L,11/12/2010,247776305,11/30/2010,1370,205.70,117.11,281809.00
Europe,Ireland,Meat,Offline,C,12/14/2011,207395112,1/26/2012,1677,421.89,364.69,707509.53
Europe,Italy,Vegetables,Offline,L,1/10/2014,952714908,2/25/2014,8367,154.06,90.93,1289020.02
Europe,Bosnia and Herzegovina,Vegetables,Online,C,10/3/2010,694722020,10/3/2010,2539,154.06,90.93,391158.34
Europe,Bosnia and Herzegovina,Household,Online,H,10/15/2015,414715278,11/4/2015,2321,668.27,502.54,1551054.67
Europe,Poland,Snacks,Offline,M,7/20/2013,714306008,8/17/2013,7876,152.58,97.44,1201720.08
Middle East and North Africa,Kuwait,Snacks,Online,H,1/19/2016,465418040,2/26/2016,6396,152.58,97.44,975901.68
Sub-Saharan Africa,Sudan,Cereal,Online,M,8/17/2013,860287702,9/11/2013,7103,205.70,117.11,1461087.10
Middle East and North Africa,Saudi Arabia,Vegetables,Online,C,8/16/2016,461463820,8/20/2016,6254,154.06,90.93,963491.24
Sub-Saharan Africa,Swaziland,Baby Food,Offline,M,9/25/2013,151807725,9/29/2013,2134,255.28,159.42,544767.52
Sub-Saharan Africa,Rwanda,Meat,Offline,C,8/21/2013,884493243,10/2/2013,61,421.89,364.69,25735.29
Asia,Cambodia,Cosmetics,Offline,M,12/10/2010,533006703,1/23/2011,7383,437.20,263.33,3227847.60
Sub-Saharan Africa,Central African Republic,Vegetables,Online,C,9/4/2012,641146934,10/4/2012,8480,154.06,90.93,1306428.80
Asia,Maldives,Cosmetics,Offline,M,10/15/2011,573025262,11/14/2011,9764,437.20,263.33,4268820.80
Sub-Saharan Africa,Djibouti,Household,Offline,C,8/26/2013,663065516,9/9/2013,4676,668.27,502.54,3124830.52
Asia,Tajikistan,Beverages,Online,M,2/17/2017,866004025,3/4/2017,8691,47.45,31.79,412387.95
Asia,Sri Lanka,Baby Food,Online,H,10/19/2010,306889617,10/21/2010,4312,255.28,159.42,1100767.36
Europe,Montenegro,Personal Care,Online,M,7/30/2014,431083619,8/10/2014,6077,81.73,56.67,496673.21
Middle East and North Africa,United Arab Emirates,Personal Care,Online,H,5/21/2015,954259860,6/4/2015,5553,81.73,56.67,453846.69
Central America and the Caribbean,Dominican Republic,Personal Care,Offline,C,5/5/2016,312404668,6/21/2016,6338,81.73,56.67,518004.74
Sub-Saharan Africa,Seychelles ,Office Supplies,Offline,C,4/14/2010,611816871,5/16/2010,9063,651.21,524.96,5901916.23
Europe,Iceland,Office Supplies,Online,C,10/26/2013,879107797,11/2/2013,6388,651.21,524.96,4159929.48
Sub-Saharan Africa,Nigeria,Vegetables,Offline,C,7/21/2010,211201274,9/9/2010,8005,154.06,90.93,1233250.30
Sub-Saharan Africa,Rwanda,Fruits,Online,H,6/9/2015,925333631,7/25/2015,5639,9.33,6.92,52611.87
Europe,Hungary,Snacks,Offline,C,6/3/2010,909053695,6/27/2010,8044,152.58,97.44,1227353.52
Europe,Belarus,Baby Food,Online,L,5/17/2016,370222795,6/11/2016,6007,255.28,159.42,1533466.96
Sub-Saharan Africa,South Sudan,Cosmetics,Offline,H,8/3/2013,487014758,8/30/2013,7344,437.20,263.33,3210796.80
Europe,Andorra,Vegetables,Online,M,9/15/2013,257915914,10/6/2013,1905,154.06,90.93,293484.30
Asia,Japan,Meat,Offline,M,7/2/2010,551725089,8/10/2010,6569,421.89,364.69,2771395.41
Central America and the Caribbean,El Salvador,Meat,Offline,L,12/18/2013,957553613,1/10/2014,248,421.89,364.69,104628.72
Sub-Saharan Africa,Kenya,Office Supplies,Offline,L,3/19/2016,234825313,3/23/2016,8883,651.21,524.96,5784698.43
Europe,Bosnia and Herzegovina,Snacks,Online,M,6/9/2010,363276517,7/9/2010,449,152.58,97.44,68508.42
Europe,Andorra,Personal Care,Online,M,5/21/2017,692956054,6/23/2017,9950,81.73,56.67,813213.50
Sub-Saharan Africa,Cape Verde,Cosmetics,Online,H,6/12/2013,194225251,6/19/2013,4423,437.20,263.33,1933735.60
Australia and Oceania,Nauru,Fruits,Online,L,2/22/2010,607757937,4/5/2010,7934,9.33,6.92,74024.22
Europe,Czech Republic,Cereal,Offline,H,6/29/2012,594540441,7/30/2012,6583,205.70,117.11,1354123.10
Europe,Serbia,Vegetables,Online,L,3/23/2015,685871589,4/5/2015,3500,154.06,90.93,539210.00
Australia and Oceania,Tuvalu,Cereal,Offline,C,2/12/2014,133362710,3/23/2014,3844,205.70,117.11,790710.80
Sub-Saharan Africa,Madagascar,Clothes,Offline,H,5/22/2017,958937633,7/5/2017,9810,109.28,35.84,1072036.80
Sub-Saharan Africa,Ethiopia,Vegetables,Online,C,8/6/2011,304832684,9/6/2011,5620,154.06,90.93,865817.20
Asia,Malaysia,Baby Food,Offline,L,11/14/2010,783596694,12/24/2010,2530,255.28,159.42,645858.40
Sub-Saharan Africa,Tanzania,Household,Offline,C,4/5/2015,128090989,4/27/2015,3825,668.27,502.54,2556132.75
Sub-Saharan Africa,Cote d'Ivoire,Vegetables,Offline,M,7/8/2014,641489398,7/28/2014,9823,154.06,90.93,1513331.38
Australia and Oceania,Solomon Islands,Clothes,Offline,M,8/9/2014,647278249,9/16/2014,2873,109.28,35.84,313961.44
Europe,Netherlands,Clothes,Online,H,3/13/2011,339256370,3/31/2011,2354,109.28,35.84,257245.12
Sub-Saharan Africa,Mali,Baby Food,Offline,M,3/2/2016,431535089,3/19/2016,9677,255.28,159.42,2470344.56
Middle East and North Africa,Afghanistan,Cereal,Offline,C,12/19/2015,808538234,1/16/2016,3286,205.70,117.11,675930.20
Europe,Moldova ,Personal Care,Online,C,3/28/2013,975002133,4/7/2013,3653,81.73,56.67,298559.69
Asia,Bhutan,Snacks,Online,H,6/27/2015,505975615,7/4/2015,8283,152.58,97.44,1263820.14
Asia,Vietnam,Vegetables,Offline,M,2/18/2016,396820008,3/20/2016,6714,154.06,90.93,1034358.84
Europe,Portugal,Vegetables,Online,H,6/14/2013,813209140,7/10/2013,5511,154.06,90.93,849024.66
Europe,Spain,Baby Food,Online,M,5/10/2014,641129338,5/14/2014,3273,255.28,159.42,835531.44
Middle East and North Africa,Egypt,Meat,Offline,C,6/17/2015,636879432,7/3/2015,5632,421.89,364.69,2376084.48
Europe,Belgium,Snacks,Online,C,6/11/2014,277070748,7/2/2014,246,152.58,97.44,37534.68
Asia,Malaysia,Cosmetics,Offline,H,11/3/2013,908627116,11/24/2013,1810,437.20,263.33,791332.00
Central America and the Caribbean,Dominican Republic,Cosmetics,Offline,C,4/2/2017,798784863,5/2/2017,7047,437.20,263.33,3080948.40
Europe,Estonia,Beverages,Offline,H,5/28/2010,985092818,7/17/2010,9711,47.45,31.79,460786.95
Sub-Saharan Africa,Burundi,Snacks,Offline,C,5/22/2010,325412309,7/7/2010,5588,152.58,97.44,852617.04
Europe,Latvia,Beverages,Online,M,6/2/2016,447917163,6/24/2016,7497,47.45,31.79,355732.65
Asia,Tajikistan,Meat,Offline,M,8/22/2013,801093709,10/5/2013,285,421.89,364.69,120238.65
Sub-Saharan Africa,Zimbabwe,Fruits,Offline,H,10/5/2014,903740775,10/23/2014,5833,9.33,6.92,54421.89
Sub-Saharan Africa,Comoros,Meat,Offline,L,10/31/2010,794969689,11/13/2010,8052,421.89,364.69,3397058.28
Sub-Saharan Africa,Namibia,Clothes,Online,L,11/27/2012,584204280,1/1/2013,7884,109.28,35.84,861563.52
Europe,Slovenia,Cereal,Offline,H,5/22/2010,901180875,5/26/2010,8302,205.70,117.11,1707721.40
Europe,Bulgaria,Snacks,Offline,L,8/31/2012,645948302,9/29/2012,9312,152.58,97.44,1420824.96
Sub-Saharan Africa,Guinea-Bissau,Cereal,Online,L,1/23/2015,138867890,2/22/2015,2950,205.70,117.11,606815.00
Sub-Saharan Africa,Lesotho,Beverages,Offline,L,3/2/2010,670613467,3/21/2010,8282,47.45,31.79,392980.90
Asia,Sri Lanka,Cosmetics,Offline,L,5/9/2014,452171361,5/27/2014,6409,437.20,263.33,2802014.80
Australia and Oceania,East Timor,Snacks,Online,H,12/28/2010,464840400,2/5/2011,5459,152.58,97.44,832934.22
Europe,Belarus,Household,Online,M,10/19/2014,410231912,10/24/2014,5594,668.27,502.54,3738302.38
Sub-Saharan Africa,Benin,Meat,Offline,H,1/21/2015,960269725,2/22/2015,4006,421.89,364.69,1690091.34
Europe,Ireland,Beverages,Offline,L,4/4/2017,607190167,5/18/2017,9919,47.45,31.79,470656.55
Middle East and North Africa,Iran,Meat,Offline,H,8/5/2016,613542068,8/11/2016,9587,421.89,364.69,4044659.43
Sub-Saharan Africa,Benin,Household,Offline,C,11/26/2016,962186753,1/12/2017,1297,668.27,502.54,866746.19
Sub-Saharan Africa,South Sudan,Beverages,Online,L,9/23/2011,806298053,10/24/2011,366,47.45,31.79,17366.70
Sub-Saharan Africa,Comoros,Personal Care,Online,L,10/24/2010,719362294,12/3/2010,4144,81.73,56.67,338689.12
Europe,Poland,Baby Food,Online,H,8/14/2013,445178306,9/22/2013,7008,255.28,159.42,1789002.24
Europe,Bosnia and Herzegovina,Cosmetics,Offline,C,2/4/2013,247857415,2/15/2013,5372,437.20,263.33,2348638.40
Sub-Saharan Africa,Namibia,Vegetables,Offline,C,8/11/2014,461823451,9/4/2014,2677,154.06,90.93,412418.62
Europe,Spain,Office Supplies,Offline,C,1/12/2017,141812741,1/24/2017,4396,651.21,524.96,2862719.16
Middle East and North Africa,Iran,Meat,Online,C,7/3/2016,212874114,8/17/2016,3036,421.89,364.69,1280858.04
Central America and the Caribbean,Guatemala,Office Supplies,Offline,C,3/27/2010,320368897,4/2/2010,3131,651.21,524.96,2038938.51
Australia and Oceania,East Timor,Beverages,Online,C,6/5/2015,179970920,6/25/2015,6249,47.45,31.79,296515.05
Middle East and North Africa,Bahrain,Household,Online,H,6/27/2012,927666509,7/17/2012,5990,668.27,502.54,4002937.30
Sub-Saharan Africa,Ethiopia,Office Supplies,Online,L,12/19/2016,169754493,1/20/2017,2982,651.21,524.96,1941908.22
Australia and Oceania,Solomon Islands,Personal Care,Offline,M,3/9/2015,532846200,4/20/2015,9886,81.73,56.67,807982.78
Central America and the Caribbean,Belize,Snacks,Online,C,6/18/2013,213865458,7/13/2013,6397,152.58,97.44,976054.26
Asia,Sri Lanka,Office Supplies,Online,C,8/12/2011,630048596,9/3/2011,4236,651.21,524.96,2758525.56
Central America and the Caribbean,Costa Rica,Clothes,Offline,H,4/17/2014,568944442,4/24/2014,2158,109.28,35.84,235826.24
Sub-Saharan Africa,Nigeria,Baby Food,Online,L,2/3/2012,238414323,2/27/2012,951,255.28,159.42,242771.28
Middle East and North Africa,Iran,Office Supplies,Online,L,8/1/2015,816632068,9/19/2015,8431,651.21,524.96,5490351.51
Sub-Saharan Africa,Djibouti,Baby Food,Online,C,9/11/2013,402084004,10/5/2013,4447,255.28,159.42,1135230.16
Asia,South Korea,Snacks,Online,L,5/8/2015,763568961,6/7/2015,5879,152.58,97.44,897017.82
Central America and the Caribbean,Dominica,Snacks,Offline,L,5/22/2015,590198266,6/1/2015,1637,152.58,97.44,249773.46
Asia,Vietnam,Snacks,Online,L,7/3/2013,441395747,8/19/2013,7665,152.58,97.44,1169525.70
Europe,Norway,Personal Care,Offline,H,6/16/2010,496897733,7/21/2010,1936,81.73,56.67,158229.28
Central America and the Caribbean,Haiti,Beverages,Online,C,11/8/2011,106753051,11/14/2011,9455,47.45,31.79,448639.75
Central America and the Caribbean,Jamaica,Fruits,Offline,L,10/17/2016,941323029,10/27/2016,7258,9.33,6.92,67717.14
Sub-Saharan Africa,Sudan,Vegetables,Offline,M,2/2/2014,241281497,3/3/2014,9412,154.06,90.93,1450012.72
Sub-Saharan Africa,Angola,Meat,Offline,L,4/30/2016,267614781,5/12/2016,2016,421.89,364.69,850530.24
Central America and the Caribbean,Panama,Cosmetics,Offline,M,8/31/2010,651621711,10/16/2010,8200,437.20,263.33,3585040.00
Europe,Greece,Personal Care,Online,M,8/8/2015,644913613,9/7/2015,3124,81.73,56.67,255324.52
Sub-Saharan Africa,Madagascar,Cereal,Offline,H,8/18/2016,469414317,8/19/2016,8983,205.70,117.11,1847803.10
Sub-Saharan Africa,Guinea-Bissau,Clothes,Online,L,6/18/2015,867360150,7/1/2015,9998,109.28,35.84,1092581.44
North America,Greenland,Clothes,Online,L,1/28/2011,851299941,2/1/2011,7425,109.28,35.84,811404.00
Middle East and North Africa,Libya,Beverages,Offline,H,2/4/2011,854095017,3/4/2011,4550,47.45,31.79,215897.50
Europe,Belarus,Vegetables,Offline,C,11/3/2012,478919208,11/27/2012,1691,154.06,90.93,260515.46
Middle East and North Africa,Lebanon,Clothes,Offline,H,9/18/2014,749258840,11/5/2014,1196,109.28,35.84,130698.88
Sub-Saharan Africa,Djibouti,Baby Food,Offline,H,5/17/2012,958912742,6/28/2012,2444,255.28,159.42,623904.32
Central America and the Caribbean,Barbados,Personal Care,Online,C,2/20/2010,921992242,3/4/2010,6848,81.73,56.67,559687.04
Sub-Saharan Africa,Guinea-Bissau,Vegetables,Online,L,2/28/2017,522921168,3/2/2017,2849,154.06,90.93,438916.94
Europe,Finland,Personal Care,Offline,C,5/17/2013,166435849,6/7/2013,921,81.73,56.67,75273.33
Central America and the Caribbean,Haiti,Baby Food,Offline,L,11/9/2013,327585113,11/23/2013,8569,255.28,159.42,2187494.32
Sub-Saharan Africa,Niger,Clothes,Offline,M,1/10/2012,201730287,2/19/2012,5330,109.28,35.84,582462.40
Central America and the Caribbean,Trinidad and Tobago,Fruits,Offline,L,9/24/2013,854545199,11/9/2013,7769,9.33,6.92,72484.77
Central America and the Caribbean,Grenada,Personal Care,Online,M,9/26/2010,272016179,11/8/2010,4487,81.73,56.67,366722.51
Central America and the Caribbean,Dominican Republic,Cereal,Offline,H,10/21/2014,110442054,11/20/2014,1113,205.70,117.11,228944.10
Europe,Monaco,Household,Offline,C,1/17/2016,746434152,2/5/2016,5308,668.27,502.54,3547177.16
Europe,Estonia,Vegetables,Online,L,12/27/2016,826916301,1/7/2017,1764,154.06,90.93,271761.84
Europe,Italy,Beverages,Offline,H,8/30/2013,419124829,9/19/2013,7206,47.45,31.79,341924.70
Asia,Malaysia,Office Supplies,Online,C,7/7/2014,560608565,8/24/2014,5387,651.21,524.96,3508068.27
Sub-Saharan Africa,Ghana,Office Supplies,Offline,L,11/29/2013,109228837,12/7/2013,2095,651.21,524.96,1364284.95
Middle East and North Africa,Pakistan,Clothes,Offline,C,1/29/2011,693159472,2/5/2011,146,109.28,35.84,15954.88
Asia,Sri Lanka,Snacks,Offline,L,11/13/2013,860886800,11/23/2013,4390,152.58,97.44,669826.20
Europe,Romania,Fruits,Offline,C,4/9/2012,131209647,5/3/2012,6705,9.33,6.92,62557.65
Middle East and North Africa,Qatar,Office Supplies,Online,H,6/28/2012,343239343,7/13/2012,1004,651.21,524.96,653814.84
Sub-Saharan Africa,Cote d'Ivoire,Clothes,Online,H,6/8/2010,706399714,7/19/2010,8228,109.28,35.84,899155.84
Middle East and North Africa,Egypt,Office Supplies,Online,M,8/23/2010,950427091,9/14/2010,1352,651.21,524.96,880435.92
Middle East and North Africa,Iran,Snacks,Offline,H,12/11/2014,875370299,12/28/2014,379,152.58,97.44,57827.82
Middle East and North Africa,Somalia,Clothes,Online,C,1/27/2011,801590669,3/15/2011,7347,109.28,35.84,802880.16
Middle East and North Africa,Syria,Personal Care,Offline,C,5/7/2014,219762027,5/28/2014,1322,81.73,56.67,108047.06
Australia and Oceania,Solomon Islands,Cereal,Offline,C,11/8/2010,940870702,11/21/2010,3404,205.70,117.11,700202.80
Central America and the Caribbean,Guatemala,Fruits,Online,M,3/30/2014,346215522,5/4/2014,1721,9.33,6.92,16056.93
Middle East and North Africa,Kuwait,Clothes,Offline,C,7/9/2016,837407815,7/20/2016,6436,109.28,35.84,703326.08
Middle East and North Africa,Jordan,Meat,Online,L,7/15/2014,386371409,7/19/2014,4741,421.89,364.69,2000180.49
Australia and Oceania,Marshall Islands,Beverages,Offline,H,10/14/2013,185342633,11/24/2013,5859,47.45,31.79,278009.55
Middle East and North Africa,Egypt,Snacks,Offline,C,1/13/2017,596870315,2/18/2017,6045,152.58,97.44,922346.10
Europe,Switzerland,Meat,Online,C,12/22/2012,703815782,1/7/2013,3585,421.89,364.69,1512475.65
Australia and Oceania,Samoa ,Personal Care,Online,C,4/16/2010,559352862,6/4/2010,3797,81.73,56.67,310328.81
Europe,Portugal,Cosmetics,Offline,C,2/27/2011,736967885,3/12/2011,4029,437.20,263.33,1761478.80
Europe,Albania,Clothes,Offline,C,1/14/2015,980459678,2/9/2015,8661,109.28,35.84,946474.08
Central America and the Caribbean,Dominica,Vegetables,Offline,C,11/16/2014,653939568,12/6/2014,4105,154.06,90.93,632416.30
Australia and Oceania,Tuvalu,Cosmetics,Online,H,1/17/2016,991831386,1/29/2016,3803,437.20,263.33,1662671.60
Australia and Oceania,Marshall Islands,Cereal,Online,L,5/29/2017,148871457,7/6/2017,3227,205.70,117.11,663793.90
Europe,Bulgaria,Fruits,Online,H,2/10/2015,850108611,2/25/2015,4884,9.33,6.92,45567.72
Sub-Saharan Africa,Niger,Office Supplies,Offline,M,12/8/2013,940904176,1/7/2014,3309,651.21,524.96,2154853.89
Central America and the Caribbean,Saint Vincent and the Grenadines,Office Supplies,Offline,H,12/10/2015,136931979,12/13/2015,70,651.21,524.96,45584.70
Sub-Saharan Africa,Malawi,Beverages,Offline,L,9/4/2016,474178349,9/26/2016,8766,47.45,31.79,415946.70
Sub-Saharan Africa,Cape Verde,Personal Care,Offline,L,7/19/2016,458942115,7/29/2016,25,81.73,56.67,2043.25
Central America and the Caribbean,Saint Vincent and the Grenadines,Beverages,Offline,C,1/9/2017,917834603,1/13/2017,6510,47.45,31.79,308899.50
Europe,Greece,Personal Care,Offline,H,11/5/2016,947779643,12/5/2016,7913,81.73,56.67,646729.49
Europe,Monaco,Clothes,Online,L,10/31/2015,166013562,11/26/2015,5957,109.28,35.84,650980.96
Sub-Saharan Africa,Nigeria,Beverages,Online,L,1/25/2011,960085189,2/13/2011,9397,47.45,31.79,445887.65
Europe,Norway,Cosmetics,Offline,C,11/8/2015,837855851,11/8/2015,9020,437.20,263.33,3943544.00
North America,Greenland,Snacks,Offline,L,6/24/2010,977499377,8/12/2010,2643,152.58,97.44,403268.94
Middle East and North Africa,Tunisia ,Beverages,Online,L,2/27/2014,377502095,3/3/2014,114,47.45,31.79,5409.30
Asia,Uzbekistan,Meat,Offline,H,2/5/2013,806662833,3/27/2013,8313,421.89,364.69,3507171.57
Central America and the Caribbean,Saint Kitts and Nevis ,Vegetables,Online,H,4/15/2017,954092919,5/11/2017,6152,154.06,90.93,947777.12
Central America and the Caribbean,Belize,Meat,Online,L,4/9/2011,479216182,4/26/2011,9572,421.89,364.69,4038331.08
Sub-Saharan Africa,Angola,Personal Care,Online,H,12/13/2010,461768949,12/30/2010,6548,81.73,56.67,535168.04
Asia,Bhutan,Meat,Online,C,5/13/2014,251800048,5/22/2014,2085,421.89,364.69,879640.65
Central America and the Caribbean,Honduras,Personal Care,Offline,L,1/16/2013,619670808,2/25/2013,3217,81.73,56.67,262925.41
Sub-Saharan Africa,South Sudan,Household,Offline,H,12/9/2010,606055057,1/23/2011,4014,668.27,502.54,2682435.78
Asia,Kyrgyzstan,Baby Food,Online,L,1/24/2013,671939122,2/14/2013,573,255.28,159.42,146275.44
Sub-Saharan Africa,Sao Tome and Principe,Cosmetics,Offline,M,2/25/2014,448621833,3/3/2014,6025,437.20,263.33,2634130.00
Sub-Saharan Africa,Madagascar,Fruits,Online,M,7/23/2017,987714517,9/11/2017,5530,9.33,6.92,51594.90
Sub-Saharan Africa,Senegal,Household,Online,H,5/7/2016,711141002,6/14/2016,1280,668.27,502.54,855385.60
Sub-Saharan Africa,Sierra Leone,Office Supplies,Online,C,3/24/2012,361137616,4/18/2012,7501,651.21,524.96,4884726.21
Asia,Malaysia,Household,Offline,H,10/3/2011,750253188,11/21/2011,5446,668.27,502.54,3639398.42
Central America and the Caribbean,Cuba,Office Supplies,Online,C,12/22/2014,511349046,1/2/2015,8401,651.21,524.96,5470815.21
Sub-Saharan Africa,Zimbabwe,Personal Care,Offline,L,8/23/2011,147599017,8/28/2011,6684,81.73,56.67,546283.32
Europe,Serbia,Beverages,Online,H,4/18/2015,682489430,5/23/2015,2644,47.45,31.79,125457.80
Asia,Maldives,Vegetables,Offline,M,1/11/2014,509819114,2/23/2014,5660,154.06,90.93,871979.60
Europe,Ireland,Office Supplies,Offline,M,2/27/2012,343699395,4/2/2012,7144,651.21,524.96,4652244.24
Europe,Romania,Clothes,Offline,L,4/4/2011,968554103,4/8/2011,5537,109.28,35.84,605083.36
Europe,Croatia,Beverages,Online,M,12/26/2013,989119565,1/6/2014,1315,47.45,31.79,62396.75
Europe,Albania,Vegetables,Offline,M,9/12/2012,880444610,10/31/2012,1980,154.06,90.93,305038.80
Central America and the Caribbean,Dominican Republic,Vegetables,Offline,L,12/19/2015,737890565,1/15/2016,7071,154.06,90.93,1089358.26
Sub-Saharan Africa,Zimbabwe,Vegetables,Online,M,6/26/2014,727131259,8/9/2014,3153,154.06,90.93,485751.18
Sub-Saharan Africa,Ghana,Office Supplies,Offline,L,3/2/2015,634153020,3/11/2015,8826,651.21,524.96,5747579.46
Asia,Laos,Beverages,Online,H,8/17/2014,315254676,9/8/2014,9719,47.45,31.79,461166.55
Central America and the Caribbean,Panama,Personal Care,Offline,M,7/19/2010,147047555,9/3/2010,3494,81.73,56.67,285564.62
Sub-Saharan Africa,Angola,Household,Online,L,1/14/2013,576455485,2/13/2013,4843,668.27,502.54,3236431.61
Middle East and North Africa,Syria,Snacks,Offline,L,7/19/2010,770714795,8/26/2010,490,152.58,97.44,74764.20
Sub-Saharan Africa,Sierra Leone,Cosmetics,Offline,H,7/11/2011,867374312,8/3/2011,4189,437.20,263.33,1831430.80
Sub-Saharan Africa,Uganda,Fruits,Online,L,5/4/2010,624295365,6/23/2010,1727,9.33,6.92,16112.91
Asia,Taiwan,Clothes,Offline,M,10/13/2013,769651782,11/3/2013,5921,109.28,35.84,647046.88
Middle East and North Africa,Azerbaijan,Vegetables,Online,C,7/27/2014,751929891,8/1/2014,1619,154.06,90.93,249423.14
Asia,Maldives,Office Supplies,Online,H,4/4/2010,989928519,4/11/2010,702,651.21,524.96,457149.42
Sub-Saharan Africa,Mauritania,Meat,Offline,H,8/17/2014,622758996,10/1/2014,7081,421.89,364.69,2987403.09
Sub-Saharan Africa,Burundi,Baby Food,Online,H,1/4/2016,659845149,1/29/2016,1698,255.28,159.42,433465.44
Sub-Saharan Africa,Zambia,Baby Food,Offline,H,5/17/2011,830923306,6/5/2011,7526,255.28,159.42,1921237.28
Asia,Singapore,Beverages,Offline,L,2/12/2010,936042296,3/17/2010,4571,47.45,31.79,216893.95
Sub-Saharan Africa,Ghana,Household,Online,L,2/17/2015,395563447,3/30/2015,4869,668.27,502.54,3253806.63
Sub-Saharan Africa,Guinea,Meat,Offline,M,6/7/2011,500160586,6/7/2011,7487,421.89,364.69,3158690.43
Sub-Saharan Africa,Zambia,Fruits,Online,L,5/26/2015,360820043,7/2/2015,3524,9.33,6.92,32878.92
Europe,Georgia,Snacks,Online,C,5/24/2010,958840644,6/2/2010,1109,152.58,97.44,169211.22
Middle East and North Africa,Bahrain,Baby Food,Online,M,2/21/2011,195833718,4/7/2011,404,255.28,159.42,103133.12
Sub-Saharan Africa,Lesotho,Personal Care,Offline,M,6/28/2014,543723094,7/2/2014,8601,81.73,56.67,702959.73
Central America and the Caribbean,Barbados,Cosmetics,Offline,H,10/15/2010,494745099,10/30/2010,4924,437.20,263.33,2152772.80
Middle East and North Africa,Saudi Arabia,Vegetables,Online,H,5/18/2010,411448562,6/30/2010,5628,154.06,90.93,867049.68
Europe,Macedonia,Personal Care,Offline,H,2/2/2017,276694810,2/16/2017,8998,81.73,56.67,735406.54
Asia,Turkmenistan,Office Supplies,Offline,M,11/24/2016,143657672,1/8/2017,352,651.21,524.96,229225.92
Europe,Albania,Baby Food,Online,L,12/23/2011,585823476,1/6/2012,7040,255.28,159.42,1797171.20
Middle East and North Africa,Afghanistan,Clothes,Online,C,12/5/2016,446991050,1/16/2017,3440,109.28,35.84,375923.20
Australia and Oceania,Kiribati,Clothes,Offline,M,2/16/2017,891271722,2/22/2017,5963,109.28,35.84,651636.64
Middle East and North Africa,Morocco,Cosmetics,Online,C,5/18/2010,453089320,6/16/2010,8053,437.20,263.33,3520771.60
Europe,Norway,Baby Food,Offline,L,9/7/2010,887180173,10/18/2010,5183,255.28,159.42,1323116.24
Europe,Sweden,Cosmetics,Online,L,3/12/2014,418593108,3/25/2014,9858,437.20,263.33,4309917.60
Asia,Tajikistan,Personal Care,Online,M,7/16/2010,492689454,8/16/2010,6613,81.73,56.67,540480.49
Europe,Netherlands,Cosmetics,Online,M,12/5/2016,825143039,12/20/2016,7017,437.20,263.33,3067832.40
Europe,Spain,Vegetables,Online,L,10/8/2013,751940190,10/10/2013,4667,154.06,90.93,718998.02
Sub-Saharan Africa,Chad,Baby Food,Offline,H,8/9/2016,579379737,8/26/2016,194,255.28,159.42,49524.32
Europe,Ireland,Meat,Online,C,10/6/2011,234073007,11/20/2011,6259,421.89,364.69,2640609.51
Middle East and North Africa,Pakistan,Meat,Online,C,2/17/2013,612943828,3/1/2013,2554,421.89,364.69,1077507.06
Sub-Saharan Africa,Mozambique,Fruits,Online,C,12/14/2012,433228528,12/21/2012,804,9.33,6.92,7501.32
Middle East and North Africa,Bahrain,Fruits,Online,L,11/20/2015,282475936,11/28/2015,9762,9.33,6.92,91079.46
Asia,Tajikistan,Meat,Online,M,7/7/2012,368547379,7/12/2012,214,421.89,364.69,90284.46
Australia and Oceania,New Zealand,Meat,Offline,H,6/2/2013,969616687,6/28/2013,9980,421.89,364.69,4210462.20
Sub-Saharan Africa,Niger,Baby Food,Online,L,2/4/2015,184170186,2/17/2015,8906,255.28,159.42,2273523.68
Europe,Armenia,Fruits,Online,C,4/28/2011,681006705,6/14/2011,3872,9.33,6.92,36125.76
Sub-Saharan Africa,Gabon,Baby Food,Online,L,2/1/2012,249237573,2/21/2012,3791,255.28,159.42,967766.48
Asia,Kyrgyzstan,Vegetables,Offline,H,1/29/2017,348286616,2/13/2017,4604,154.06,90.93,709292.24
Australia and Oceania,Fiji,Clothes,Offline,L,12/1/2011,257890164,12/29/2011,4285,109.28,35.84,468264.80
Europe,Romania,Cosmetics,Online,H,5/8/2017,228097045,6/17/2017,7839,437.20,263.33,3427210.80
Sub-Saharan Africa,Botswana,Cereal,Online,C,5/3/2017,129268586,6/21/2017,2302,205.70,117.11,473521.40
Australia and Oceania,Fiji,Cosmetics,Online,M,10/31/2015,802078616,12/9/2015,1741,437.20,263.33,761165.20
Europe,Vatican City,Clothes,Offline,C,4/11/2010,907513463,4/19/2010,2256,109.28,35.84,246535.68
Asia,Thailand,Vegetables,Online,L,7/17/2010,976871955,8/31/2010,6975,154.06,90.93,1074568.50
Europe,Belarus,Cereal,Offline,C,5/31/2012,261765420,7/17/2012,1060,205.70,117.11,218042.00
Australia and Oceania,Solomon Islands,Vegetables,Offline,L,7/15/2016,784117686,7/17/2016,6703,154.06,90.93,1032664.18
Asia,China,Cosmetics,Offline,M,1/14/2017,586165082,1/27/2017,8128,437.20,263.33,3553561.60
Sub-Saharan Africa,Angola,Snacks,Online,C,11/26/2012,480456435,12/16/2012,6591,152.58,97.44,1005654.78
Asia,Cambodia,Cereal,Online,L,10/3/2011,899853074,10/26/2011,5376,205.70,117.11,1105843.20
Central America and the Caribbean,Guatemala,Baby Food,Offline,L,11/30/2010,547528827,12/15/2010,4802,255.28,159.42,1225854.56
Sub-Saharan Africa,Namibia,Vegetables,Online,L,5/8/2016,446970021,5/9/2016,7217,154.06,90.93,1111851.02
Europe,Serbia,Beverages,Offline,H,2/27/2016,791975486,3/20/2016,2001,47.45,31.79,94947.45
Middle East and North Africa,Turkey,Vegetables,Offline,M,8/24/2014,496656548,9/29/2014,564,154.06,90.93,86889.84
Middle East and North Africa,Pakistan,Vegetables,Offline,C,5/26/2013,345437037,6/30/2013,1351,154.06,90.93,208135.06
Europe,Georgia,Vegetables,Offline,H,1/26/2015,743053281,2/23/2015,4833,154.06,90.93,744571.98
Australia and Oceania,Vanuatu,Snacks,Offline,L,1/7/2012,364554107,1/18/2012,8516,152.58,97.44,1299371.28
Europe,Luxembourg,Cosmetics,Online,H,10/21/2012,205300843,12/3/2012,1937,437.20,263.33,846856.40
Middle East and North Africa,Saudi Arabia,Household,Online,M,9/16/2015,430967319,10/5/2015,1661,668.27,502.54,1109996.47
Australia and Oceania,Vanuatu,Meat,Offline,H,6/28/2012,827539861,7/1/2012,6289,421.89,364.69,2653266.21
Central America and the Caribbean,Haiti,Snacks,Offline,H,12/2/2014,351317298,1/14/2015,1450,152.58,97.44,221241.00
Sub-Saharan Africa,Tanzania,Household,Offline,C,2/4/2013,278910958,2/4/2013,4805,668.27,502.54,3211037.35
Asia,North Korea,Cosmetics,Offline,C,2/17/2017,157244670,3/15/2017,1047,437.20,263.33,457748.40
Middle East and North Africa,Bahrain,Beverages,Online,L,6/24/2015,953554761,7/28/2015,6899,47.45,31.79,327357.55
Sub-Saharan Africa,Cote d'Ivoire,Cereal,Online,L,7/30/2016,105390059,8/25/2016,6115,205.70,117.11,1257855.50
Asia,Singapore,Cosmetics,Offline,L,10/23/2014,970611894,11/10/2014,4483,437.20,263.33,1959967.60
Asia,Malaysia,Baby Food,Offline,M,12/16/2016,677394092,12/29/2016,4820,255.28,159.42,1230449.60
Europe,Albania,Baby Food,Online,L,9/28/2015,474222981,10/26/2015,1973,255.28,159.42,503667.44
Sub-Saharan Africa,Gabon,Snacks,Online,L,4/16/2016,779897391,5/5/2016,7824,152.58,97.44,1193785.92
Europe,Poland,Snacks,Offline,L,3/27/2017,733528649,3/30/2017,6283,152.58,97.44,958660.14
Sub-Saharan Africa,Chad,Office Supplies,Online,H,6/25/2014,444540584,8/2/2014,8292,651.21,524.96,5399833.32
Sub-Saharan Africa,Republic of the Congo,Clothes,Online,H,7/29/2012,542669522,9/11/2012,6826,109.28,35.84,745945.28
Asia,Philippines,Fruits,Offline,L,5/4/2013,827964293,6/1/2013,1888,9.33,6.92,17615.04
Europe,France,Snacks,Offline,M,2/2/2012,720786225,2/15/2012,5516,152.58,97.44,841631.28
Europe,Germany,Household,Offline,H,7/24/2016,611809146,8/1/2016,6777,668.27,502.54,4528865.79
Sub-Saharan Africa,Uganda,Personal Care,Online,M,11/4/2012,512019383,12/12/2012,6769,81.73,56.67,553230.37
Middle East and North Africa,Bahrain,Personal Care,Online,C,8/5/2014,502715766,8/17/2014,3621,81.73,56.67,295944.33
Middle East and North Africa,Jordan,Office Supplies,Offline,M,10/22/2013,285509622,10/28/2013,7497,651.21,524.96,4882121.37
Europe,Montenegro,Beverages,Offline,L,12/1/2014,532324779,1/3/2015,5586,47.45,31.79,265055.70
Middle East and North Africa,Tunisia ,Personal Care,Offline,H,11/2/2015,635397565,11/21/2015,7114,81.73,56.67,581427.22
Europe,Germany,Cereal,Offline,M,10/7/2011,957276809,11/4/2011,8335,205.70,117.11,1714509.50
Europe,Italy,Snacks,Online,L,2/9/2014,580823838,3/21/2014,7536,152.58,97.44,1149842.88
Europe,France,Office Supplies,Offline,H,5/29/2016,459212481,6/16/2016,33,651.21,524.96,21489.93
Middle East and North Africa,Algeria,Baby Food,Online,L,4/8/2013,265929067,5/23/2013,3175,255.28,159.42,810514.00
Asia,Myanmar,Beverages,Online,H,9/20/2011,644772422,10/26/2011,1343,47.45,31.79,63725.35
Europe,France,Vegetables,Offline,C,4/12/2012,959853875,5/4/2012,947,154.06,90.93,145894.82
Europe,Spain,Vegetables,Online,C,10/2/2012,645597255,10/25/2012,5429,154.06,90.93,836391.74
Asia,Cambodia,Baby Food,Offline,C,1/2/2012,556738889,1/25/2012,264,255.28,159.42,67393.92
Sub-Saharan Africa,The Gambia,Vegetables,Online,M,9/30/2013,718327605,11/10/2013,7956,154.06,90.93,1225701.36
Europe,Russia,Baby Food,Offline,L,3/10/2015,775724732,3/20/2015,3041,255.28,159.42,776306.48
Europe,Belarus,Baby Food,Offline,H,10/26/2010,444604098,10/31/2010,7088,255.28,159.42,1809424.64
Middle East and North Africa,Turkey,Beverages,Online,C,5/2/2011,860952031,5/13/2011,3693,47.45,31.79,175232.85
Sub-Saharan Africa,Kenya,Meat,Offline,C,2/19/2017,531067359,2/20/2017,3488,421.89,364.69,1471552.32
Middle East and North Africa,Iran,Cosmetics,Offline,M,7/20/2014,281561410,8/2/2014,9133,437.20,263.33,3992947.60
Asia,Vietnam,Personal Care,Offline,L,6/18/2017,109358012,7/10/2017,321,81.73,56.67,26235.33
Europe,Albania,Beverages,Online,L,7/19/2010,531693494,8/6/2010,8775,47.45,31.79,416373.75
Central America and the Caribbean,Antigua and Barbuda ,Clothes,Offline,C,8/9/2013,336116683,9/4/2013,3251,109.28,35.84,355269.28
Sub-Saharan Africa,Senegal,Cereal,Offline,M,3/23/2017,630488908,4/30/2017,4534,205.70,117.11,932643.80
Europe,Netherlands,Fruits,Online,L,10/31/2016,792983996,12/2/2016,441,9.33,6.92,4114.53
Europe,Russia,Fruits,Online,C,7/3/2016,722088277,7/3/2016,822,9.33,6.92,7669.26
Europe,Slovakia,Cosmetics,Online,H,1/7/2010,386600577,1/29/2010,2557,437.20,263.33,1117920.40
Australia and Oceania,East Timor,Beverages,Offline,L,12/6/2014,275632226,1/18/2015,4556,47.45,31.79,216182.20
Central America and the Caribbean,Haiti,Vegetables,Offline,H,10/16/2015,948607051,11/27/2015,2761,154.06,90.93,425359.66
Middle East and North Africa,Yemen,Cereal,Online,H,5/10/2013,785261380,5/26/2013,5147,205.70,117.11,1058737.90
Australia and Oceania,Tuvalu,Cereal,Online,C,3/27/2013,935644042,5/15/2013,6719,205.70,117.11,1382098.30
Sub-Saharan Africa,Liberia,Snacks,Offline,M,7/13/2014,370116364,8/17/2014,4512,152.58,97.44,688440.96
Asia,North Korea,Beverages,Online,C,8/16/2013,829352176,8/26/2013,2594,47.45,31.79,123085.30
Asia,North Korea,Household,Online,M,7/14/2015,974337804,8/7/2015,7063,668.27,502.54,4719991.01
Europe,Romania,Household,Online,H,12/23/2014,436372077,1/3/2015,1050,668.27,502.54,701683.50
Sub-Saharan Africa,Sao Tome and Principe,Cereal,Offline,M,4/27/2015,267066323,5/19/2015,9715,205.70,117.11,1998375.50
Middle East and North Africa,Bahrain,Fruits,Online,M,3/14/2017,688344371,4/28/2017,5251,9.33,6.92,48991.83
Middle East and North Africa,Somalia,Cosmetics,Offline,M,10/2/2014,642442548,11/2/2014,1881,437.20,263.33,822373.20
Europe,Cyprus,Cereal,Online,C,7/13/2014,941909682,8/1/2014,861,205.70,117.11,177107.70
Europe,United Kingdom,Beverages,Offline,C,7/31/2016,219607102,8/13/2016,5477,47.45,31.79,259883.65
Europe,Germany,Personal Care,Offline,H,8/30/2010,778708636,9/2/2010,6045,81.73,56.67,494057.85
Middle East and North Africa,Somalia,Beverages,Online,M,4/22/2010,942700612,6/6/2010,4915,47.45,31.79,233216.75
Australia and Oceania,New Zealand,Household,Offline,H,3/9/2011,905381858,4/8/2011,1466,668.27,502.54,979683.82
Middle East and North Africa,Kuwait,Meat,Online,C,1/13/2010,480863702,1/28/2010,7110,421.89,364.69,2999637.90
Asia,Japan,Cosmetics,Online,L,1/6/2016,453569972,2/19/2016,289,437.20,263.33,126350.80
Europe,Norway,Baby Food,Offline,H,8/17/2016,328236997,9/10/2016,1476,255.28,159.42,376793.28
Sub-Saharan Africa,Lesotho,Personal Care,Offline,C,10/22/2011,579913604,10/23/2011,8177,81.73,56.67,668306.21
Europe,Belgium,Cosmetics,Online,H,2/12/2010,403961122,3/20/2010,9928,437.20,263.33,4340521.60
Central America and the Caribbean,Honduras,Cosmetics,Offline,L,5/29/2017,866053378,6/22/2017,3295,437.20,263.33,1440574.00
Europe,Austria,Household,Offline,C,4/17/2010,852176702,5/13/2010,6878,668.27,502.54,4596361.06
Middle East and North Africa,Oman,Baby Food,Online,M,9/8/2015,218629920,10/20/2015,6307,255.28,159.42,1610050.96
Middle East and North Africa,Oman,Baby Food,Offline,C,2/13/2016,242024362,3/17/2016,9242,255.28,159.42,2359297.76
Europe,Spain,Snacks,Offline,M,2/16/2014,469283854,2/16/2014,376,152.58,97.44,57370.08
Middle East and North Africa,Afghanistan,Fruits,Online,C,4/22/2013,967644727,4/30/2013,6433,9.33,6.92,60019.89
Central America and the Caribbean,Saint Vincent and the Grenadines,Cosmetics,Offline,L,7/15/2014,974655807,7/23/2014,1167,437.20,263.33,510212.40
Europe,Iceland,Vegetables,Online,M,3/7/2012,248178422,3/22/2012,365,154.06,90.93,56231.90
Asia,Myanmar,Vegetables,Offline,L,1/14/2013,416386401,2/16/2013,6844,154.06,90.93,1054386.64
Europe,Netherlands,Snacks,Offline,L,5/22/2017,927766072,6/20/2017,5453,152.58,97.44,832018.74
Europe,Slovakia,Vegetables,Online,M,3/23/2015,401116263,3/31/2015,8071,154.06,90.93,1243418.26
Middle East and North Africa,Bahrain,Fruits,Offline,H,9/28/2012,675548303,11/6/2012,8610,9.33,6.92,80331.30
Sub-Saharan Africa,Lesotho,Baby Food,Online,L,6/6/2013,960486018,7/4/2013,8012,255.28,159.42,2045303.36
Central America and the Caribbean,Cuba,Clothes,Offline,L,4/2/2014,985665738,5/19/2014,9250,109.28,35.84,1010840.00
Middle East and North Africa,Afghanistan,Clothes,Offline,C,1/13/2017,551136291,1/13/2017,2331,109.28,35.84,254731.68
Australia and Oceania,Vanuatu,Cereal,Online,L,2/3/2017,877259004,2/16/2017,9289,205.70,117.11,1910747.30
Asia,Bhutan,Beverages,Offline,M,8/5/2014,554707705,9/19/2014,9192,47.45,31.79,436160.40
Australia and Oceania,Palau,Cereal,Offline,L,10/6/2010,494468724,10/23/2010,3139,205.70,117.11,645692.30
Asia,Indonesia,Personal Care,Online,H,9/10/2011,777840888,10/23/2011,9259,81.73,56.67,756738.07
Europe,Andorra,Baby Food,Offline,C,12/12/2016,206435525,1/27/2017,7714,255.28,159.42,1969229.92
Middle East and North Africa,Algeria,Office Supplies,Online,C,10/26/2015,352176463,12/5/2015,5696,651.21,524.96,3709292.16
Australia and Oceania,Vanuatu,Cosmetics,Offline,C,10/14/2013,607300031,10/14/2013,2429,437.20,263.33,1061958.80
North America,Mexico,Baby Food,Online,H,8/17/2013,434355056,9/28/2013,4168,255.28,159.42,1064007.04
Europe,Macedonia,Fruits,Offline,M,8/7/2011,716202867,9/20/2011,9199,9.33,6.92,85826.67
Central America and the Caribbean,Panama,Personal Care,Online,H,5/22/2016,606017291,6/12/2016,2838,81.73,56.67,231949.74
Asia,Nepal,Cereal,Offline,H,1/13/2015,677284657,1/15/2015,2436,205.70,117.11,501085.20
Asia,Nepal,Fruits,Online,C,7/22/2014,673803794,7/29/2014,2371,9.33,6.92,22121.43
Sub-Saharan Africa,Mauritius ,Cereal,Offline,C,6/25/2015,859686028,7/10/2015,9055,205.70,117.11,1862613.50
Sub-Saharan Africa,Sao Tome and Principe,Clothes,Online,H,8/10/2015,669355189,9/26/2015,5930,109.28,35.84,648030.40
Central America and the Caribbean,Saint Vincent and the Grenadines,Fruits,Offline,L,10/19/2013,957547605,11/21/2013,8470,9.33,6.92,79025.10
Asia,Maldives,Personal Care,Online,M,10/9/2013,849312102,11/23/2013,9180,81.73,56.67,750281.40
Sub-Saharan Africa,Swaziland,Personal Care,Offline,H,9/26/2012,890010011,10/14/2012,2595,81.73,56.67,212089.35
Middle East and North Africa,Morocco,Cereal,Online,H,10/2/2012,795315158,10/26/2012,284,205.70,117.11,58418.80
Asia,Maldives,Clothes,Offline,M,12/11/2016,801213872,1/28/2017,5844,109.28,35.84,638632.32
Sub-Saharan Africa,Zimbabwe,Fruits,Offline,C,7/26/2010,314004981,8/9/2010,9907,9.33,6.92,92432.31
Asia,India,Cereal,Online,C,3/27/2010,160299813,4/6/2010,5132,205.70,117.11,1055652.40
Asia,Tajikistan,Beverages,Offline,C,9/11/2014,337022197,9/22/2014,1212,47.45,31.79,57509.40
Sub-Saharan Africa,Lesotho,Snacks,Offline,M,3/9/2016,461408460,3/15/2016,9872,152.58,97.44,1506269.76
Asia,Bhutan,Office Supplies,Offline,M,10/19/2011,221007430,11/10/2011,9865,651.21,524.96,6424186.65
Central America and the Caribbean,Trinidad and Tobago,Snacks,Offline,L,10/31/2014,723680436,12/20/2014,1978,152.58,97.44,301803.24
Australia and Oceania,Tuvalu,Fruits,Offline,L,2/23/2013,447601306,3/11/2013,4028,9.33,6.92,37581.24
Middle East and North Africa,Iraq,Clothes,Offline,L,10/25/2010,191256368,11/9/2010,5864,109.28,35.84,640817.92
Sub-Saharan Africa,The Gambia,Vegetables,Offline,L,10/4/2016,823444449,10/30/2016,4366,154.06,90.93,672625.96
Middle East and North Africa,Bahrain,Beverages,Online,C,9/4/2010,133276879,10/17/2010,8445,47.45,31.79,400715.25
Middle East and North Africa,Qatar,Meat,Online,H,12/22/2014,480177485,2/7/2015,4043,421.89,364.69,1705701.27
Sub-Saharan Africa,Angola,Household,Offline,H,4/8/2015,243882596,5/11/2015,9135,668.27,502.54,6104646.45
Central America and the Caribbean,Costa Rica,Cosmetics,Online,L,3/2/2017,574441039,4/6/2017,8724,437.20,263.33,3814132.80
Australia and Oceania,Papua New Guinea,Household,Online,M,3/14/2012,442214143,5/3/2012,9847,668.27,502.54,6580454.69
Middle East and North Africa,Qatar,Clothes,Offline,C,11/22/2011,687875735,12/2/2011,6571,109.28,35.84,718078.88
Central America and the Caribbean,Saint Kitts and Nevis ,Clothes,Offline,H,9/8/2013,872412145,9/25/2013,4995,109.28,35.84,545853.60
Sub-Saharan Africa,Sierra Leone,Fruits,Offline,C,4/23/2012,627122199,4/29/2012,8250,9.33,6.92,76972.50
Europe,Russia,Fruits,Online,M,2/14/2011,103617227,3/12/2011,1495,9.33,6.92,13948.35
Europe,Lithuania,Vegetables,Offline,M,10/6/2010,423821055,10/22/2010,6923,154.06,90.93,1066557.38
Europe,United Kingdom,Vegetables,Online,L,12/8/2012,529970014,1/3/2013,8759,154.06,90.93,1349411.54
Asia,Indonesia,Personal Care,Offline,H,8/17/2016,334612929,10/3/2016,8256,81.73,56.67,674762.88
Asia,Mongolia,Beverages,Offline,M,4/23/2014,270611131,5/24/2014,8702,47.45,31.79,412909.90
Middle East and North Africa,Egypt,Office Supplies,Online,C,11/18/2010,841138446,12/8/2010,413,651.21,524.96,268949.73
Sub-Saharan Africa,Comoros,Household,Online,M,4/22/2012,369681203,5/9/2012,5738,668.27,502.54,3834533.26
Europe,Slovenia,Household,Offline,M,4/5/2014,850038230,4/21/2014,4057,668.27,502.54,2711171.39
Middle East and North Africa,Lebanon,Beverages,Online,M,6/21/2013,296320855,7/13/2013,6781,47.45,31.79,321758.45
Australia and Oceania,Australia,Cosmetics,Offline,L,7/13/2011,392952907,8/13/2011,2352,437.20,263.33,1028294.40
Central America and the Caribbean,Haiti,Snacks,Online,M,2/1/2011,644670712,3/21/2011,1245,152.58,97.44,189962.10
Central America and the Caribbean,Saint Kitts and Nevis ,Meat,Online,L,1/27/2012,626523101,2/16/2012,963,421.89,364.69,406280.07
Middle East and North Africa,Syria,Vegetables,Offline,M,6/24/2015,433871400,7/1/2015,1044,154.06,90.93,160838.64
Asia,Laos,Snacks,Offline,M,1/3/2012,232389438,1/8/2012,8054,152.58,97.44,1228879.32
Central America and the Caribbean,Saint Kitts and Nevis ,Cereal,Offline,H,2/21/2016,708063542,3/19/2016,592,205.70,117.11,121774.40
Sub-Saharan Africa,Sudan,Vegetables,Offline,H,12/4/2016,817192542,12/22/2016,4288,154.06,90.93,660609.28
Central America and the Caribbean,Guatemala,Meat,Offline,H,1/16/2012,936387765,2/29/2012,6803,421.89,364.69,2870117.67
Asia,Brunei,Clothes,Offline,H,8/6/2011,612573039,8/9/2011,2830,109.28,35.84,309262.40
Middle East and North Africa,Jordan,Clothes,Online,M,8/12/2011,812984693,8/22/2011,9092,109.28,35.84,993573.76
Central America and the Caribbean,Panama,Meat,Offline,C,12/18/2012,775171554,1/5/2013,9344,421.89,364.69,3942140.16
Sub-Saharan Africa,Central African Republic,Household,Online,H,1/10/2010,256994950,2/19/2010,9372,668.27,502.54,6263026.44
Middle East and North Africa,Bahrain,Beverages,Offline,M,2/28/2017,886628711,3/31/2017,1993,47.45,31.79,94567.85
Sub-Saharan Africa,Burundi,Beverages,Online,C,12/8/2011,312559163,12/16/2011,2057,47.45,31.79,97604.65
Europe,Austria,Cereal,Online,L,8/18/2014,753585135,9/13/2014,1443,205.70,117.11,296825.10
Australia and Oceania,Fiji,Beverages,Offline,H,4/19/2016,448817956,4/22/2016,4062,47.45,31.79,192741.90
Australia and Oceania,Fiji,Clothes,Offline,M,11/6/2012,407681453,12/24/2012,856,109.28,35.84,93543.68
Europe,Switzerland,Snacks,Online,H,5/27/2016,359911954,6/23/2016,4800,152.58,97.44,732384.00
Middle East and North Africa,Yemen,Office Supplies,Offline,M,8/18/2013,105558288,8/19/2013,5898,651.21,524.96,3840836.58
Sub-Saharan Africa,Comoros,Personal Care,Offline,H,12/31/2014,864981782,2/11/2015,6186,81.73,56.67,505581.78
Sub-Saharan Africa,Democratic Republic of the Congo,Office Supplies,Online,C,2/4/2013,328856265,2/12/2013,4732,651.21,524.96,3081525.72
Asia,Mongolia,Clothes,Offline,H,9/23/2016,308168065,10/18/2016,2633,109.28,35.84,287734.24
Australia and Oceania,Palau,Household,Offline,L,11/1/2016,884216010,11/2/2016,8021,668.27,502.54,5360193.67
Europe,Monaco,Snacks,Offline,M,12/27/2012,858611428,1/9/2013,1057,152.58,97.44,161277.06
Australia and Oceania,Fiji,Cereal,Online,L,3/10/2017,903278148,4/3/2017,8932,205.70,117.11,1837312.40
Sub-Saharan Africa,Mali,Beverages,Online,L,3/17/2012,410452497,3/26/2012,870,47.45,31.79,41281.50
Sub-Saharan Africa,Liberia,Cereal,Offline,H,12/17/2015,642683303,1/20/2016,3126,205.70,117.11,643018.20
Europe,Switzerland,Beverages,Offline,L,2/18/2017,682831895,3/16/2017,3987,47.45,31.79,189183.15
Australia and Oceania,Samoa ,Baby Food,Online,L,11/5/2016,584072101,11/5/2016,8769,255.28,159.42,2238550.32
Asia,Nepal,Meat,Offline,C,4/9/2017,919890248,5/18/2017,4821,421.89,364.69,2033931.69
Middle East and North Africa,Azerbaijan,Snacks,Offline,C,4/18/2010,534085166,4/25/2010,6524,152.58,97.44,995431.92
Europe,Georgia,Baby Food,Offline,H,8/1/2011,590768182,9/7/2011,288,255.28,159.42,73520.64
Middle East and North Africa,United Arab Emirates,Vegetables,Online,C,5/12/2011,524363124,6/28/2011,9556,154.06,90.93,1472197.36
Europe,Finland,Household,Offline,L,1/25/2016,289606320,2/14/2016,9801,668.27,502.54,6549714.27
Europe,Portugal,Cereal,Offline,C,4/10/2014,811546599,5/8/2014,3528,205.70,117.11,725709.60
,,,,,,,,,,,=DIV(ADD(1:11-50:11)\, ADD(51:11-101:11))